3260 5226
1147 481 1225 564 359

105 687 218 756 noete
244 678 517 756 intromiterent
543 677 749 756 Alemauos
775 677 824 754 ad
852 679 1009 758 Budam.
1038 679 1225 759 Fecerant

104 805 211 882 eines
239 803 434 882 Budeuses
462 803 586 880 fedum
614 825 697 881 eum
716 801 940 903 Germanis,
959 829 1047 883 mox
1066 813 1104 882 et
1121 807 1225 906 ipsos

102 929 319 1007 confortare
346 935 525 1029 oeperunt
543 953 589 1006 ae
607 930 820 1026 consiliare,
848 938 890 1008 vt
916 939 1120 1032 preparent
1137 956 1222 1011 sese
1245 988 1248 999 ·

103 1063 284 1154 tanquam
311 1054 360 1130 ad
386 1077 552 1154 pugnam
581 1078 663 1132 eum
691 1056 806 1134 armis
832 1057 1026 1136 bellicosis
1053 1057 1144 1136 suis.
1174 1042 1226 1134 Et

101 1205 261 1278 paruam
284 1184 440 1280 januam
468 1205 516 1260 ex
534 1189 641 1282 parte
669 1181 735 1260 flui
765 1183 864 1262 Ister
882 1185 1063 1264 aduersus
1082 1186 1223 1262 cimite-

102 1309 202 1388 rium
230 1310 348 1387 Beate
375 1310 546 1408 Virginis
583 1309 724 1406 Marie,
760 1313 860 1410 quod
887 1313 1024 1391 leuiter
1050 1319 1224 1415 poterant

103 1437 260 1516 intrare.
288 1436 373 1514 Hne
399 1437 500 1516 laeto
524 1440 604 1536 jam
632 1459 722 1516 eum*
737 1439 942 1516 intrassent
960 1437 1139 1518 Germani
1158 1440 1223 1516 dn-

104 1573 217 1642 e'enta
243 1565 420 1662 armigeri
444 1565 483 1643 in
511 1588 647 1644 aurora
664 1566 704 1642 in
722 1567 888 1664 profesto
907 1565 1108 1644 Laurentii
1127 1590 1224 1644 mar·

101 1692 208 1790 tiris,
229 1695 359 1790 etjam
378 1693 417 1768 in
437 1693 599 1770 ecelesia
618 1699 656 1770 et
674 1692 853 1770 cimiterio
879 1692 983 1794 pleni
1009 1699 1116 1772 erant
1142 1715 1225 1770 enm

105 1817 320 1898 Germanis.
340 1817 428 1895 Hoe
447 1827 530 1896 erat
547 1820 711 1896 maxima
728 1819 903 1915 fatuitas,
933 1819 1033 1918 quod
1049 1821 1225 1897 tacebant

105 1943 309 2040 Germani,
330 1951 368 2020 et
385 1946 491 2022 eines
502 1946 606 2044 quod
623 1969 698 2024 nou
717 1945 905 2024 audebant
933 1946 1115 2044 quidquid
1131 1947 1223 2022 inei-

105 2095 197 2172 pere
208 2079 338 2150 annua
352 2073 573 2151 areensibus
591 2071 755 2150 Buden..
776 2070 887 2165 Quod
896 2073 1109 2151 sonuissent
1128 2070 1224 2150 Ger·

105 2200 209 2276 mani
237 2199 455 2276 areensibus
481 2199 704 2279 barrunibus
730 2223 776 2276 ne
803 2199 1003 2296 militibus,
1031 2223 1119 2276 mox
1146 2193 1219 2300 ¹⁰21

105 2327 310 2426 imppetum
337 2327 508 2404 lecerunt
534 2326 582 2404 de
600 2351 687 2404 aree
715 2325 880 2404 Budensi
907 2331 1039 2403 annua
1066 2323 1223 2402 Germa-

105 2477 195 2549 nos,
226 2453 396 2552 itaquel
415 2453 593 2546 Germani
618 2477 686 2553 pre
704 2454 820 2532 nimio
839 2460 983 2532 terrore
1002 2453 1109 2530 multi
1127 2475 1222 2531 mor-

105 2581 158 2656 tni
177 2579 318 2656 fiebant
336 2581 499 2680 absque,
519 2581 618 2658 alios
637 2579 803 2681 quidem,
823 2581 887 2680 qui
904 2580 1102 2657 voluerant
1119 2578 1223 2654 dimi·

106 2729 192 2784 nare
221 2729 304 2784 enm
331 2707 528 2806 Hungaris
556 2709 646 2784 illos
673 2731 791 2806 usque
820 2708 869 2784 ad
887 2729 1000 2784 vnum
1018 2704 1067 2782 ad
1083 2711 1223 2782 terram

105 2831 410 2930 debellauerant,
444 2835 544 2934 quod
571 2835 698 2912 nullus
724 2835 983 2935 permessebat
1008 2831 1149 2909 intrare
1174 2832 1224 2908 ad

106 2959 262 3038 Budam.
292 2959 374 3037 Heu
392 2960 558 3061 praefica
581 2961 703 3058 viguit
728 2961 828 3038 inter
847 2958 1052 3055 Hungarus
1069 2980 1221 3056 magna-

106 3094 183 3186 tes,
214 3087 310 3185 quod
330 3087 596 3165 niuessedueti
617 3087 811 3168 Budensea
829 3085 988 3164 fuissent
1005 3091 1043 3162 et
1060 3083 1149 3162 illos
1166 3084 1222 3164 iu·

104 3219 163 3292 tra
182 3213 444 3314 permiserant.
468 3223 473 3236 ⁸

211 3337 305 3416 Inde
331 3342 501 3440 prelatus
524 3338 640 3439 judex
667 3338 839 3416 senciens
857 3360 900 3416 sa
918 3359 1001 3416 esse
1026 3359 1101 3414 non
1127 3337 1223 3414 bene

105 3473 217 3564 stare,
237 3474 279 3548 vt
296 3491 381 3546 eras
398 3491 507 3544 mane
526 3471 572 3544 de
591 3467 727 3566 eapitis
755 3465 834 3543 suis
852 3464 1067 3565 priuaretur
1084 3462 1223 3540 Petrus

105 3591 230 3688 Zabo,
260 3593 322 3690 qni
349 3600 431 3670 erat
456 3592 721 3693 prinuipaliter
744 3591 860 3691 judex
887 3590 927 3666 in
952 3590 1055 3668 niues
1077 3591 1223 3687 juratos

107 3717 269 3816 Buden,
299 3719 428 3798 eadem
456 3728 565 3798 nnete
593 3743 675 3798 eum
705 3743 749 3798 eo
777 3723 921 3819 septem
942 3719 1091 3816 juratos
1119 3716 1223 3792 uiues

105 3845 296 3946 aeeipiena
314 3869 410 3943 sese,
431 3852 469 3924 et
486 3847 698 3924 exiluerant
717 3845 767 3922 ad
785 3853 928 3922 turmas
939 3841 1222 3922 Germanorum.

106 3971 197 4052 Inde
226 3974 507 4073 intelligendum
535 3975 581 4052 de
600 3998 688 4058 arne
717 3974 846 4072 Buda,
876 3971 976 4071 quod
1002 3972 1040 4048 in
1069 3971 1224 4048 exilium

106 4101 304 4197 iecissent,
335 4102 438 4180 eirea
456 4126 540 4179 eum
558 4103 700 4202 impetu
719 4102 849 4180 rabido
868 4099 1076 4198 singilatim
1093 4097 1143 4174 ad
1160 4097 1225 4176 do·

107 4251 187 4306 mus
204 4251 333 4306 eorum
350 4229 541 4326 fenerant,
562 4235 600 4306 et
617 4251 756 4306 uxores
783 4252 829 4304 ae
847 4227 947 4306 filins
966 4248 1094 4304 eorum
1111 4224 1223 4302 dedu·

106 4355 238 4432 nebant
256 4355 304 4432 ad
322 4377 447 4434 areem
465 4356 705 4450 Budensem3
735 4361 772 4430 et
800 4352 978 4453 quidquid
1003 4353 1225 4428 invenerant

106 4505 196 4560 vasa
216 4489 391 4582 argeteas
408 4489 446 4564 et
463 4505 599 4564 aureas
617 4489 738 4560 totum
756 4481 856 4560 inter
875 4502 916 4558 se
936 4478 1079 4558 satrabi
1098 4476 1223 4556 distri·

108 4607 275 4688 buerant.
