3238 5228
1139 448 1217 530 239

90 654 245 748 prebiqle
265 649 304 724 id
322 656 380 724 est
397 646 579 744 fugitiuus
607 649 822 734 mortuusin
835 672 922 726 arce
943 647 1095 750 Gywlo,
1106 672 1220 748 quum

93 777 360 875 principaliter
387 783 469 852 erat
486 777 525 851 in
543 774 678 854 Ohebs
708 777 852 875 popilio
880 799 960 854 sus.
990 776 1037 853 In
1055 777 1219 876 posthoc

95 905 397 1000 consequebatur
416 925 482 978 eos
500 903 673 980 Joannes
692 901 868 1004 Hwnyod
886 903 932 980 de
950 903 1091 1002 Lippo;
1110 904 1222 1002 pauci

96 1028 275 1104 condere
298 1035 500 1128 potuerunt
517 1027 566 1102 ed
581 1026 773 1106 Turcism.
794 1029 910 1126 Ergo,
932 1029 1077 1106 domine
1096 1029 1220 1124 Petro,

98 1156 186 1232 dico
206 1155 287 1250 tibi,
308 1155 407 1251 quod
424 1152 507 1230 Rex
526 1154 698 1231 Joannes
727 1178 850 1232 nonne
877 1156 932 1230 ita
950 1157 1143 1232 ambulare
1163 1178 1222 1230 ce·

97 1281 222 1378 perit3
242 1281 309 1358 sed
327 1280 387 1356 dic
407 1281 453 1370 ei,
475 1287 515 1355 vt
533 1303 581 1354 ne
601 1288 663 1356 eat
681 1303 827 1357 sursum
846 1281 894 1356 od
909 1305 1033 1357 arcem
1043 1281 1223 1359 Jezenew

98 1417 186 1502 eat,
215 1408 283 1485 sed
311 1409 462 1484 domina
488 1408 616 1482 veniat
643 1406 694 1483 ed
721 1430 804 1484 eum
833 1407 975 1505 Regem
1003 1430 1110 1485 soror
1134 1430 1223 1500 sua3

99 1537 193 1632 quio
210 1535 381 1612 Joannes
400 1534 483 1612 Rex
510 1535 607 1611 soret
632 1535 754 1612 tocius
780 1535 904 1631 Regni
922 1533 1120 1631 Hungarie
1137 1555 1222 1631 pro-

98 1661 211 1737 ditor.
231 1660 281 1736 ut
297 1660 576 1757 ipsesolusnon
595 1669 718 1757 negat,
730 1662 794 1737 vbi
813 1660 927 1736 dixit:
952 1658 1137 1758 „Quodsi
1157 1657 1223 1733 de-

101 1809 235 1863 mones
253 1808 405 1884 possum
423 1794 557 1862 contra
575 1784 706 1864 hostes
726 1809 831 1863 meos
849 1795 1001 1886 portare
1012 1785 1225 1878 deintemo,

102 1937 196 1990 vere
214 1919 365 2012 portare
383 1913 506 1990 volo.“
1164 1923 1170 1934 '

212 2039 263 2113 Et
280 2045 518 2137 portauerat,
538 2062 609 2136 qne
632 2037 780 2115 demum
799 2039 997 2138 perlegere
1016 2058 1227 2136 possumus.

104 2167 155 2240 Et
183 2165 239 2242 sic
266 2164 417 2240 dominc
453 2173 609 2242 venerat
648 2188 755 2262 soror
790 2165 911 2262 Regio
938 2163 1153 2262 Mcjestotis
1180 2163 1228 2238 ad

102 2295 206 2366 viam
235 2292 442 2390 publicam,
472 2299 509 2368 et
536 2292 622 2368 Rex
651 2314 734 2368 cum
762 2315 808 2370 ee
835 2294 952 2370 multo
976 2291 1226 2384 fabulouerot,

106 2421 194 2518 plus
213 2441 325 2516 quom
343 2425 422 2494 tres
441 2418 566 2496 horos.

214 2545 266 2620 Et
284 2545 368 2620 Rex
387 2545 503 2619 mouit
527 2568 580 2620 se.
610 2544 752 2620 Eodem
780 2544 841 2620 die
868 2544 1170 2642 pernocteuimus
1188 2541 1227 2617 in

106 2670 384 2768 NoghMihc13
404 2673 505 2746 etde
524 2671 638 2767 Nagh
658 2671 779 2747 Mihal
804 2671 919 2770 peciit
946 2671 1029 2748 Rex
1058 2671 1227 2747 Jcanncs

104 2797 238 2873 eodem
256 2797 316 2872 die
335 2797 373 2871 in
401 2795 644 2893 Hunghwer3
673 2803 837 2872 attamen
864 2819 959 2892 gens
977 2818 1047 2872 suc
1064 2815 1131 2895 per
1148 2801 1227 2872 tres

106 2925 189 3000 dies
207 2921 421 3000 venerated
431 2923 573 3019 Regem
589 2924 627 2998 in
637 2921 870 3018 Hunghwnr.
891 2921 1103 2996 Fucrcmus
1122 2920 1226 2995 multi

111 3061 149 3126 et
168 3051 214 3126 de
234 3049 457 3146 Hunghwsr
470 3049 519 3124 ad
534 3050 609 3126 Kis
627 3049 771 3126 Warde
794 3049 916 3124 sdiem
935 3045 1113 3124 Omnium
1131 3043 1225 3122 San-

107 3187 266 3254 ctorum.
288 3175 347 3250 De
368 3176 570 3252 Kiswcrdo
589 3176 758 3252 venimus
777 3175 826 3250 ad
844 3173 952 3271 Galo,
971 3175 1024 3250 ibi
1042 3172 1125 3250 Rex
1144 3195 1228 3271 pcr-

109 3309 331 3382 noctouerat
350 3302 449 3401 apud
468 3303 580 3380 Viten
600 3301 745 3402 Galey3
765 3309 802 3376 et
820 3325 929 3377 mane
947 3301 1112 3378 surrexit
1131 3297 1226 3394 Rex,

108 3433 243 3510 iterum
273 3429 376 3503 venit
395 3429 442 3504 cd
461 3429 705 3525 Debrechen,
734 3435 772 3504 et
798 3451 944 3506 rursum
973 3425 1164 3504 descendit
1181 3425 1230 3502 od

109 3558 321 3656 hospicium
340 3578 446 3634 suum
465 3557 678 3652 Kerdosne,
699 3564 736 3632 et
745 3557 797 3632 ibi
814 3556 898 3632 Rex
917 3555 1228 3654 requieratvncm

111 3682 366 3760 ebdomadem.

412 3951 744 4056 (CAPITULUM
772 3947 934 4053 LXIX).

218 4191 278 4266 De
298 4189 431 4284 Regno
451 4189 608 4264 Polonie
636 4189 763 4264 nullus
790 4188 902 4263 burro
931 4183 1001 4260 fuit
1025 4179 1232 4276 Hungorus

116 4323 238 4415 preter
268 4314 495 4411 Gregorium
523 4314 725 4414 Pestieny,
760 4310 974 4410 Stephanus
1002 4305 1230 4406 Verbwchy‚

118 4441 320 4520 monachus
347 4439 573 4518 Franciscus
601 4449 638 4515 et
674 4437 866 4536 Georgius
903 4436 1021 4512 abbas
1057 4436 1232 4530 ciontflto.

119 4567 234 4660 Quem
254 4590 457 4666 pauperem
477 4567 624 4642 demum
643 4567 690 4641 ad
710 4573 868 4664 quatuor
887 4567 1014 4662 partes
1032 4558 1175 4635 ciderot
1193 4557 1232 4630 in
1333 4663 1336 4670 1
1418 4560 1422 4570 “

120 4699 243 4794 Buda;
272 4696 377 4795 prius
396 4695 518 4794 capite
547 4697 717 4792 priuatus
747 4701 847 4786 erat,
869 4699 906 4766 et
924 4693 1057 4788 postea
1076 4683 1230 4784 dipsrti·
