3226 5220
412 467 489 550 166

412 669 570 768 legisset
597 675 634 744 et
660 669 911 758 intellexisset
940 676 978 746 et
1004 691 1091 748 mox
1119 668 1314 750 consensit
1337 691 1378 746 se
1405 667 1539 768 ipsum

412 801 481 876 sub
502 797 768 875 authoritatem
787 799 907 896 Regie
927 799 1131 899 Majcstati,
1153 807 1191 876 et
1208 799 1313 876 illam
1332 798 1539 898 epistolam

412 927 538 1004 statim
572 926 720 1002 circiter
755 927 968 1024 precursori
1003 949 1071 1004 suo
1101 925 1282 1025 uplicauit
1314 923 1362 1002 ad
1398 947 1539 1002 manus

414 1075 524 1151 suas,
555 1061 593 1129 ct
628 1051 865 1130 comitatibus
895 1051 1075 1149 Comitis,
1104 1060 1145 1127 vt
1172 1053 1298 1130 statim
1325 1051 1419 1130 visis
1446 1075 1539 1150 pre·

414 1182 584 1259 sentibus
610 1187 783 1279 aptarent
810 1202 895 1257 sese
922 1180 970 1256 ad
996 1203 1161 1280 pugnam
1189 1185 1321 1256 contra
1347 1178 1541 1256 latronem

414 1315 451 1386 et
469 1307 657 1384 infidelem
675 1305 703 1384 J
704 1329 812 1382 owan
831 1303 954 1404 Char,
975 1308 1039 1406 qui
1058 1315 1116 1386 est
1143 1305 1289 1382 aduena
1315 1311 1352 1381 et
1377 1305 1541 1383 intrauit

414 1440 582 1512 nostrum
610 1429 807 1530 Hungarie
844 1457 934 1531 ergo
963 1433 1064 1510 aliud
1095 1431 1285 1529 ascendit,
1322 1435 1382 1509 fur
1410 1441 1471 1510 est
1501 1440 1543 1508 et

414 1561 525 1638 latro.
555 1558 606 1634 Et
634 1557 682 1635 ad
708 1559 941 1658 prouinciam
963 1561 1080 1660 jussit
1107 1557 1345 1664 Persarum)
1373 1559 1540 1638 vaiuode

423 1689 469 1764 de
487 1685 735 1781 Karansebqs
754 1694 791 1762 et
819 1688 977 1765 veiuode
997 1689 1043 1765 de
1060 1687 1211 1786 Lugas‚
1239 1694 1276 1765 et
1303 1687 1541 1766 Valacorum

416 1813 635 1916 proceribus
672 1812 717 1890 de
754 1821 861 1912 parte
889 1813 1153 1916 Keresbanya.
1191 1813 1314 1908 Quum
1341 1813 1543 1892 audissent

417 1942 530 2020 istam
564 1939 917 2040 pronunciacionem
952 1942 1126 2038 materie,
1166 1941 1344 2040 quilibet:
1379 1939 1537 2040 „Benc“

311 2105 314 2110 ·
418 2069 613 2164 dicebant,
633 2075 671 2143 et
689 2065 858 2145 dominus
877 2067 1075 2146 Emericus
1094 2066 1219 2147 Oibak
1248 2066 1383 2145 Statim
1410 2073 1543 2145 castra

419 2201 579 2272 metatus
598 2201 679 2270 erat
693 2195 803 2292 juxta
822 2191 999 2272 Orodien.
1020 2195 1065 2272 dc
1091 2195 1164 2273 hac
1190 2203 1298 2297 parte
1326 2194 1541 2272 Marusium

420 2322 579 2418 fluuius,
609 2321 727 2398 donec
750 2345 845 2418 gens
872 2325 1213 2423 appropinquaret,
1243 2324 1376 2422 quibus
1404 2343 1542 2422 prece·

419 2455 540 2550 perat.
570 2445 739 2546 Cumque
754 2449 834 2546 jam
852 2449 1012 2526 vidisset
1029 2457 1181 2547 gentem
1206 2473 1311 2528 suam
1329 2449 1369 2524 in
1382 2471 1543 2548 presen-

422 2578 502 2673 cia,
531 2582 568 2651 et
595 2575 700 2652 solus
739 2576 916 2652 clamauit
952 2577 1122 2655 dominus
1159 2576 1286 2655 Oibak
1309 2576 1379 2653 tali
1406 2577 1542 2653 modo:

427 2701 560 2804 „Quod
578 2702 716 2799 aliquis
734 2702 912 2780 intrasset
922 2705 960 2779 in
970 2703 1143 2802 Regnum
1162 2703 1359 2802 Hungarie
1379 2702 1541 2800 aduena,

423 2854 498 2908 non
525 2831 791 2928 intelligimus,
820 2831 917 2907 vnde
945 2840 1022 2930 est3
1053 2840 1091 2908 ct
1104 2835 1183 2931 Jam
1201 2832 1426 2910 nobiliorum
1445 2834 1543 2908 mul·

422 2964 544 3036 torum
582 2959 842 3057 possessiones
879 2982 968 3036 suas
996 2962 1221 3060 occuppouit
1250 2966 1288 3036 et
1314 2981 1478 3036 voxores
1507 2967 1545 3034 et

424 3084 523 3160 filius
551 3106 679 3161 eorum
707 3086 746 3161 in
773 3093 942 3185 stuprum
969 3087 1122 3163 trahunt
1154 3087 1196 3164 vi
1224 3087 1387 3164 eorum.“
1418 3083 1545 3179 Quum

424 3209 617 3286 audissent
642 3217 722 3287 tota
751 3211 861 3290 chors
880 3211 1200 3311 Christianorum,
1230 3216 1490 3291 clamauerrmt
1509 3221 1548 3291 et

426 3335 636 3414 dixerunt:
670 3336 834 3436 „Omnes
871 3347 992 3416 tecum
1020 3342 1221 3419 moriamur
1254 3340 1450 3439 magnifice
1481 3342 1546 3419 do·

427 3464 525 3540 mine
545 3461 691 3562 Oibak3
712 3466 886 3564 quoniam
905 3491 974 3546 nos
992 3468 1064 3545 hoc
1079 3470 1161 3568 pati
1179 3468 1391 3545 debemus.“
1414 3467 1467 3544 Et
1477 3491 1546 3568 per

431 3589 566 3666 vadum
594 3591 634 3667 in
670 3613 745 3667 vna
781 3599 888 3669 nocte
924 3593 1177 3672 transfretrati
1210 3602 1295 3670 sunt
1320 3591 1388 3693 per
1414 3591 1545 3670 duium

431 3717 592 3795 Marusii
612 3718 660 3794 ad
678 3717 771 3796 Zodi
800 3720 848 3794 ad
873 3744 1063 3820 campum,
1094 3721 1202 3798 stibi
1227 3729 1352 3798 castra
1380 3729 1543 3798 metatus

428 3849 497 3922 est.
525 3843 718 3920 luctamen
738 3870 811 3923 non
830 3847 942 3924 valde
970 3847 1200 3926 festinabant
1218 3848 1545 3926 Karansebcsicu·

430 3993 504 4067 ses,
525 3971 589 4070 qui
606 3973 739 4050 remoti
768 3983 894 4072 erant3
913 3976 1067 4052 volebat
1094 3975 1198 4074 ipsos
1225 3981 1398 4076 spectare
1426 3975 1546 4052 liben-

430 4103 499 4175 ter.
537 4095 714 4176 Attamen
751 4101 886 4179 Jowan
924 4100 1028 4182 Ohar
1055 4103 1259 4194 festinabat
1284 4102 1417 4198 valde,
1445 4109 1488 4178 vt
1514 4103 1547 4181 si

432 4223 640 4304 invenisset
666 4225 915 4328 inordinatos,
935 4231 1032 4308 sicut
1058 4231 1210 4308 Petrum
1229 4231 1348 4328 Prini‚
1367 4253 1444 4308 non
1461 4251 1547 4330 per·

431 4349 585 4428 mitebut
613 4375 678 4430 eos
705 4354 743 4430 in
772 4381 845 4432 vna
872 4364 1024 4435 caterua
1053 4379 1148 4435 esse.
1170 4355 1246 4436 Scd
1263 4379 1347 4434 cum
1364 4357 1550 4434 vidissent

430 4479 511 4577 iam
538 4477 719 4559 Trccieni
738 4482 778 4562 in
797 4493 942 4566 castore
969 4509 1037 4564 suo
1065 4486 1205 4587 optime
1233 4508 1316 4564 cum
1343 4485 1452 4583 genis
1469 4483 1547 4561 suis

435 4681 756 4710 m-

476 4761 504 4827 ’t
522 4736 637 4818 taem
655 4775 690 4817 a
709 4755 812 4833 omrg
829 4753 967 4814 ueneror
985 4751 1076 4811 rsus.
