3226 5220
1111 487 1189 567 221

78 715 144 788 ego
163 691 221 766 hio
238 691 275 766 in
295 689 490 784 Orakovo,
510 667 751 786 prestolarem
772 687 968 762 aduentum
988 709 1104 763 sunm.
1136 689 1186 762 Et

79 816 174 891 venit
192 823 320 914 qnarto
339 815 398 890 die
417 815 466 890 ad
485 813 670 888 ciuitatem
690 813 887 908 Orakowo,
908 813 1001 887 etin
1021 813 1186 912 hospicio

75 963 135 1020 suo
161 950 301 1042 septem
330 941 603 1038 adolescentes,
633 942 802 1048 quicum
839 965 882 1018 eo
920 948 1027 1018 erant
1062 941 1183 1017 indnl·

77 1071 236 1165 genoiam
273 1071 442 1146 meriton.
479 1093 526 1144 ex
559 1069 662 1145 curia
689 1069 808 1165 Regie
837 1067 1059 1166 Majestntis.
1091 1068 1186 1145 Erat

77 1205 178 1272 serta
195 1197 292 1275 seria
309 1205 347 1274 et
365 1219 537 1294 magnum
562 1199 706 1272 lucenm
733 1217 844 1270 vnum
872 1199 1052 1271 ementem
1081 1195 1186 1272 deco·

79 1341 184 1420 quere
202 1323 372 1400 iecerunt
389 1345 489 1400 more
520 1321 766 1420 Hnngarioali
795 1320 842 1396 ad
870 1343 1018 1418 cenam,
1050 1329 1088 1398 et
1111 1322 1187 1398 alia

78 1450 211 1526 cibaria
224 1450 378 1548 jejunia,
399 1456 437 1524 et
455 1449 704 1525 hornancrant
723 1471 834 1523 snam
852 1469 1035 1544 mensam,
1064 1455 1102 1523 et
1128 1473 1186 1525 se·

83 1577 208 1652 derunt
225 1579 339 1654 laute.
360 1578 411 1652 Et
428 1577 572 1652 interim
593 1597 702 1654 cocus
719 1575 745 1652 J
747 1575 850 1652 aeobi
870 1576 1010 1674 'Pornaj
1028 1575 1187 1677 portauit

78 1704 250 1780 ferculum
269 1727 382 1804 super
400 1703 449 1778 ad
468 1725 629 1779 mensam
648 1709 892 1796 sternentem,
913 1709 950 1776 et
968 1703 1186 1802 inceperunt

82 1829 277 1909 comedere.
309 1831 359 1906 Et
377 1830 473 1906 inter
491 1830 561 1905 hec
585 1829 687 1906 venit
704 1852 779 1904 vna
805 1828 939 1904 mulier
957 1851 1099 1925 genera
1118 1830 1187 1905 lin·

76 1979 222 2052 gnarum
259 1956 401 2052 sciens,
440 1962 478 2030 et
513 1957 705 2050 garrulose
742 1954 880 2053 incepit
916 1956 1086 2034 fabulare
1117 1981 1183 2034 seu

78 2082 330 2180 paralogizare
349 2083 477 2178 lingua
503 2081 731 2178 Hungarica.
761 2081 842 2177 Ego
870 2081 1016 2178 quidem
1044 2105 1186 2184 pauper

78 2209 277 2287 miserimus
315 2215 353 2284 et
379 2209 530 2305 egrinus
556 2212 724 2286 astabam
753 2215 975 2306 retrorsum,
1006 2209 1101 2308 qnod
1127 2233 1184 2286 me

78 2339 263 2414 noluerunt
300 2335 437 2412 alioere
474 2357 647 2431 vescere3
684 2342 815 2434 postea
841 2336 962 2412 resedi
989 2335 1027 2410 in
1055 2340 1185 2414 umbra

78 2463 160 2541 loco.
199 2463 251 2538 Et
287 2462 355 2538 illa
382 2463 528 2537 wlcana
554 2463 666 2538 valde
695 2462 948 2539 adolescentes
985 2461 1184 2561 Hnngaros

79 2590 316 2684 collaudabat,
338 2587 555 2686 qnodvnum
573 2595 843 2665 sucrescentem
863 2612 935 2664 non
954 2587 1058 2664 daret
1077 2587 1183 2665 Hun-

76 2737 196 2808 garnm
214 2738 327 2816 super
346 2716 471 2792 decem
500 2715 678 2812 Polonos;
698 2723 735 2792 et
754 2716 984 2813 comedebat,
1014 2725 1187 2793 recenter.

77 2843 237 2938 bibebat,
268 2843 373 2940 qnasi
410 2865 477 2942 per
513 2843 773 2940 cognacionem
799 2865 918 2918 meam
954 2844 1068 2942 plena
1102 2853 1184 2920 erat

77 2971 182 3046 ollato
199 2969 399 3070 pestiferis.
420 2967 539 3062 Quum
553 2973 632 3069 J'am
651 2972 821 3048 absoluta
840 2978 921 3045 erat
938 2993 1031 3046 cena
1046 2993 1182 3066 eorum,

74 3098 142 3190 jam
169 3095 277 3172 tarde
312 3103 420 3172 erant
447 3096 495 3171 ad
521 3105 685 3192 noctem,
715 3103 753 3172 et
780 3096 970 3172 dixerunt:
1000 3093 1055 3198 cr..
1084 3099 1185 3195 ,Vbi

78 3221 326 3298 dormiamus.“
350 3221 440 3320 Ipsa
459 3228 583 3298 astuta
601 3221 722 3299 bestia
745 3222 865 3298 dixit:
902 3223 1007 3320 ,Ego
1034 3221 1184 3323 dispono

78 3347 110 3422 in
126 3347 265 3426 celario
283 3349 419 3424 lectum
438 3355 591 3448 propter
609 3349 794 3446 frigorem,
815 3349 902 3446 qnia
922 3349 982 3425 hic
1002 3357 1109 3432 extre
1127 3361 1183 3426 est

78 3477 170 3552 calor
187 3473 405 3551 maximus.“
430 3475 480 3549 Et
497 3475 581 3574 ipsa
599 3477 745 3551 wlcana
764 3475 862 3574 oepit
880 3477 1021 3552 lectilia
1035 3501 1181 3575 rogare,

79 3603 305 3696 quamobrem
326 3607 427 3677 esset
443 3625 511 3700 pro
530 3623 577 3676 ea
595 3603 732 3680 fratres
760 3610 798 3677 et
830 3601 1029 3698 terrigena,
1059 3605 1178 3704 dispo-

79 3729 142 3804 suit
160 3731 296 3805 lectnm
313 3751 380 3826 pro
398 3729 683 3826 sexjunenibus‚
694 3739 732 3806 et
750 3730 929 3829 septimus
948 3733 1115 3829 neglexit
1131 3733 1180 3810 ibi

78 3853 240 3951 dormire3
261 3863 299 3931 ct
317 3855 382 3932 alii
392 3857 606 3954 requierunt
617 3857 664 3933 ad
683 3881 803 3934 mane.
824 3857 992 3956 Cumque
1002 3859 1182 3937 surrexis-

79 3989 204 4059 tentet
222 3983 451 4081 apparebant
469 3983 507 4058 in
526 3983 622 4059 faeie
640 3989 817 4081 tanquam
836 3983 1017 4061 morticini
1036 3993 1101 4062 ant
1119 3987 1182 4062 de-

79 4107 215 4186 formes.
255 4105 345 4184 Dixi
378 4131 448 4205 ego
476 4111 531 4187 eis
560 4137 569 4184 ε
602 4110 776 4208 „Domini
804 4113 877 4187 mei
912 4110 1024 4188 velud
1050 4113 1184 4190 essetis

78 4231 189 4334 imago
199 4235 338 4313 mortis.
351 4233 509 4328 Quidam
528 4239 675 4315 luoeum
683 4261 870 4336 magnum,
891 4261 962 4338 qne
971 4239 1185 4318 comedistis

77 4357 216 4440 incana
234 4370 273 4440 et
289 4363 439 4442 bibistis
457 4367 596 4464 vinnm,
617 4387 744 4444 verum
763 4367 930 4466 quidem,
959 4367 1057 4466 qnod
1085 4375 1184 4444 esset

78 4490 254 4568 nelinsad
274 4491 526 4568 valetudinem
546 4514 658 4592 quam
677 4493 981 4570 adfirmitatem.“
1004 4493 1056 4570 Et
1073 4515 1183 4570 vene·

78 4627 151 4691 mm
169 4617 217 4692 ad
235 4617 449 4697 'I'harnowo
468 4621 573 4718 pleni
591 4620 880 4719 pestilerentcm.
901 4622 992 4698 Post
1011 4621 1183 4698 ebdoma-

77 4737 151 4818 dam
170 4767 278 4820 vnanr
297 4743 515 4842 inceperunt
532 4755 663 4842 postea
680 4747 824 4823 debiles
851 4769 935 4824 esse
947 4751 1105 4932 ,gajum
1136 4747 1184 4822 ad
