3294 5208
22 1079 24 1152 i

1171 424 1227 506 '25

221 637 267 713 Et
282 637 379 712 inter
406 635 477 712 hee
504 633 694 732 Stephano
720 632 958 710 thesaurario
987 610 1104 706 Deus'
1120 631 1225 708 altis-

127 765 231 842 sinns
256 763 421 840 dedisset
439 785 485 839 ee
502 768 669 838 creasset
687 761 733 836 de
763 785 880 838 uxore
907 783 977 837 sus
1006 781 1100 836 vnus
1129 783 1225 835 mus·

126 893 236 985 nulus3
266 897 303 966 et
321 890 369 966 nd
387 890 531 1006 Regem
552 887 725 984 cucurrit,
746 897 783 966 et
801 889 899 986 Regi
918 887 1108 982 reserauit,
1129 888 1227 985 quod

22 1003 24 1078 i
125 1017 296 1094 sibiDeus
314 1037 425 1090 vnum
444 1015 688 1114 propaginem
707 1013 883 1110 dedisset,
894 1022 932 1094 et
950 1015 1034 1090 Rex
1052 1015 1228 1113 gravisus

22 1165 23 1184 ³
125 1151 184 1220 est.
227 1143 279 1220 Et
306 1143 451 1262 Regenu
480 1141 661 1218 Mathiem
698 1141 902 1240 suplinnvit
927 1147 966 1216 et
1000 1141 1158 1238 rogavit,
1187 1147 1228 1215 vt

125 1279 214 1348 sset
231 1276 434 1370 competet,
454 1275 493 1346 et
511 1269 594 1345 Rex
622 1269 831 1368 spopondit.
860 1268 911 1344 Et
929 1261 1122 1368 baptizare
1140 1268 1229 1344 feeit

22 1471 23 1476 t
125 1421 195 1474 num
214 1399 319 1495 Rege
337 1405 376 1474 et
394 1419 475 1473 eum
505 1396 591 1474 aliis
617 1395 863 1500 magnatibus,
882 1401 923 1470 ut
941 1401 1043 1472 esset
1058 1394 1228 1472 Jounnes

22 1531 23 1534 ‘
124 1549 244 1602 nomen
263 1527 357 1624 ejus.
385 1525 430 1600 In
450 1547 579 1602 mense
597 1523 694 1602 Julii
722 1530 823 1619 eret,
851 1529 890 1599 et
907 1546 1036 1601 mense
1054 1522 1148 1601 Julii
1166 1545 1228 1598 ns-
1312 1559 1319 1566 ·

22 1667 23 1672 ‘
123 1677 193 1730 sun
213 1653 322 1728 morti
340 1652 443 1728 dedit
460 1675 505 1728 se
521 1649 677 1747 demum,
709 1673 782 1748 que
800 1651 946 1726 demum
973 1649 1226 1747 intelligimus.

216 1781 305 1859 dem
324 1779 478 1858 Oeseris
492 1801 633 1858 ‘cursor
652 1778 802 1857 Turnus
821 1805 845 1856 e
863 1780 971 1876 Rege
988 1778 1094 1856 abire
1112 1779 1226 1855 lieen·
1389 1787 1394 1802 '

123 1908 206 1983 tisun
223 1909 377 2006 petebat
393 1907 441 1984 sd
460 1907 628 2004 ddmum3
658 1908 725 1986 sed
743 1907 828 1984 Rex
845 1907 998 1984 volebat
1014 1927 1097 1982 eum
1116 1929 1161 1982 eo
1180 1905 1229 1982 sd

123 2033 289 2112 turcian
308 2035 458 2112 iterare.
487 2035 575 2112 Vns
602 2035 744 2110 dierum
771 2033 870 2110 dixit
895 2055 1022 2110 eursor
1053 2027 1227 2113 Generis:

126 2162 299 2256 „Domine
318 2160 413 2256 Rex,
433 2162 508 2239 iste
526 2162 660 2238 civitas
679 2183 754 2238 non
776 2169 835 2237 est
851 2167 927 2256 tuin,
947 2159 1043 2258 quod
1061 2161 1228 2238 residen-
1329 2217 1333 2246 ς

122 2289 209 2364 nien
226 2287 382 2366 dedistis
391 2289 465 2384 eis3
484 2289 571 2386 quis
580 2311 674 2385 gens
683 2289 758 2366 istu
767 2283 976 2388 munefflfl'·
993 2311 1087 2384 gens
1104 2288 1229 2364 aliens

123 2421 181 2510 est,
211 2423 249 2492 et
274 2415 401 2493 differt
426 2416 474 2492 ub
502 2415 706 2512 Hungsris.
735 2416 785 2491 Et
812 2415 963 2492 consulo
992 2415 1228 2513 MsJestntem

124 2543 300 2640 Vestrum,
329 2551 370 2618 vt
387 2545 625 2643 expurgetis,
646 2544 751 2621 etde
770 2544 826 2624 eis
844 2544 958 2619 aliem
985 2549 1137 2638 terrem,
1167 2543 1231 2618 vbi

123 2678 268 2768 possunt
295 2670 478 2768 habitere,
499 2680 668 2794 etpuros
696 2669 852 2748 Seitieos
879 2679 1031 2769 portare
1058 2671 1173 2768 nugis,
1193 2677 1231 2744 et

122 2797 170 2872 eis
187 2796 409 2874 d'utribuere
435 2797 575 2876 debens
602 2797 751 2896 palatis
777 2797 913 2875 domi.“
945 2797 997 2872 Et
1013 2796 1107 2872 dixit
1124 2795 1227 2871 Rex:

126 2904 284 2996 „Credas
302 2905 402 3002 mihi,
432 2906 528 3006 quod
555 2908 609 2984 ite
635 2908 751 2984 terrui
779 2907 894 3006 ipsos,
916 2906 1013 3004 quod
1040 2927 1228 3003 uunquam

123 3031 252 3108 sudent
269 3055 311 3110 se
329 3034 472 3112 moueri
491 3042 621 3111 eontra
631 3035 846 3134 Maiestatis
863 3034 1026 3112 nostre.“
1060 3031 1230 3130 „Gredus

123 3159 206 3236 nihi
223 3157 318 3256 Rex,
347 3160 470 3258 inquit
497 3161 654 3256 'luteus
675 3161 884 3240 hominibus
911 3159 1038 3239 brevis
1056 3167 1114 3238 est
1131 3159 1220 3254 vits3

123 3284 150 3356 si
166 3285 274 3362 hodie
292 3285 390 3384 mihi,
420 3277 507 3366 erns'
524 3289 627 3366 tibi.“
660 3289 758 3364 Eune
779 3295 861 3366 enat
879 3286 1064 3364 diuinatio
1092 3287 1228 3366 undo.
1305 3371 1306 3376 Ν
1417 3261 1424 3276 ’

125 3407 302 3488 credebat
318 3436 462 3512 pauper
480 3413 576 3511 Rex,
596 3415 697 3513 quod
713 3438 786 3492 non
805 3414 971 3492 moritur.

217 3538 374 3617 Interim
393 3542 495 3618 vallo
523 3547 689 3640 tempere
716 3543 816 3618 eleni
844 3549 1040 3640 magnetes
1061 3549 1099 3618 et
1125 3539 1226 3642 prin'·

126 3663 217 3762 cipes
245 3669 417 3746 fecerunt
443 3670 642 3748 eonsilium
660 3671 699 3748 in
717 3693 790 3748 vno
818 3670 975 3748 letibnlo
1003 3677 1135 3750 eontra
1154 3671 1228 3750 Re·

124 3813 210 3889 gen,
229 3801 268 3872 et
284 3793 476 3874 dixerunt:
499 3795 694 3895 „Quidem
712 3797 894 3876 satiemus
913 3799 960 3876 de
977 3795 1111 3896 Rege?
1140 3819 1228 3896 quo-

125 3921 211 3998 nian
237 3945 391 4002 mouere
417 3925 484 4002 wlt
511 3925 657 4005 interim
694 3927 842 4004 noviter
877 3927 1031 4021 bellum,
1053 3925 1229 4003 videlieet

125 4069 225 4148 super
242 4073 346 4128 nure
365 4057 404 4126 et
416 4073 535 4152 super
553 4049 651 4130 Ister
669 4051 757 4150 flni3
785 4060 824 4130 et
841 4053 993 4152 insuper
1009 4059 1144 4130 terram
1162 4053 1230 4128 wlt

125 4174 231 4253 eden
247 4177 412 4256 alienum
431 4187 581 4276 gentem
599 4180 786 4280 eopiosem
816 4179 1002 4256 inducere.
1040 4178 1128 4279 Ipse
1152 4201 1228 4254 me-

126 4303 267 4382 ledietus
285 4307 397 4384 homo
425 4331 500 4386 non
516 4309 585 4386 ult
602 4331 752 4396 tessere
780 4331 902 4408 neque
919 4305 1025 4386 nobis
1036 4306 1228 4406 quiesoere
1347 4399 1350 4410 Ι

22 4501 24 4522 ,
129 4451 202 4506 eun
227 4431 357 4510 luteris
387 4435 523 4513 nostn's
550 4435 589 4512 in
619 4435 725 4514 domo
760 4436 919 4537 propris
948 4441 1087 4512 nostra.
1125 4435 1229 4530 Ergo

128 4557 208 4652 qnid
223 4557 446 4638 neumis?“
469 4561 678 4664 Respondit
700 4569 890 4662 nompeter
907 4581 997 4641 suus
1015 4558 1228 4661 Stephanus

127 4679 395 4766 Mustius:
455 4687 781 4789 „Inteffitumusu
823 4686 1108 4790 Responderunt
1161 4689 1227 4766 elii
