3248 5210
1129 480 1203 558 10⁷

118 695 257 764 dorsum
286 685 469 764 reintrare
504 686 624 784 ipsam
653 685 804 783 predam
832 707 878 760 ao
904 682 1132 760 reiooiillare
1159 682 1207 756 ab

118 813 309 907 Hnngaris3
346 833 458 908 quam
485 812 519 888 si
546 810 790 911 perdiderim,
829 831 1014 906 nunquam
1047 807 1205 884 habeam

116 962 222 1016 eoram
240 938 478 1036 Majestatem
488 937 611 1014 Tuam
621 935 824 1014 Cesaream
842 935 1109 1012 humanitatem
1128 955 1205 1010 sew

117 1066 311 1142 honorem.“
344 1062 463 1146 cesar
490 1086 604 1162 super
631 1066 748 1139 verba
781 1063 923 1140 Perhat
948 1063 1086 1138 letatus
1113 1065 1205 1152 erat,

117 1195 158 1266 ita
174 1192 263 1268 adeo
282 1191 380 1289 quod
406 1191 541 1268 nudius
568 1191 707 1268 teroius
733 1191 911 1268 libaniam
938 1189 1146 1282 habebant,
1171 1193 1208 1262 et

116 1317 200 1394 dedit
226 1341 330 1394 suam
359 1317 624 1394 authoritatem
652 1317 855 1394 Cesaream
884 1339 952 1414 per
980 1313 1138 1408 Perhat,
1168 1321 1208 1388 vt

116 1447 306 1544 preriperet
332 1451 370 1522 et
388 1445 436 1521 ad
463 1445 603 1522 bellum
632 1453 760 1522 eontra
788 1444 991 1542 Hungaros
1019 1442 1207 1520 ordinaret

115 1596 146 1646 se
170 1595 275 1667 quam
310 1571 532 1671 peroptime.
571 1571 795 1670 Preparauit
821 1595 863 1648 se
898 1567 1014 1666 hen'e,
1052 1591 1207 1668 eumque

117 1700 332 1796 pervenisset
349 1699 388 1773 in
407 1696 614 1774 confinibus
632 1698 732 1791 suis,
759 1697 898 1795 ineepit
924 1697 1116 1795 preeipere
1135 1696 1208 1774 Ba·

115 1826 276 1904 linbassa
292 1827 331 1901 in
351 1824 559 1904 confinibus
573 1827 652 1903 sais
666 1833 843 1923 tanquam
861 1848 1024 1924 persona
1042 1822 1207 1902 Cosanis.

117 1953 155 2026 Et
173 1955 249 2050 jam
277 1952 515 2029 Balimbassa
542 1955 761 2030 exalauerat
779 1953 824 2028 de
843 1953 977 2028 mundo
1006 1952 1055 2028 ad
1072 1953 1209 2028 fratres

113 2102 205 2172 snos3
225 2086 306 2158 erat
320 2081 400 2176 J'am
421 2078 642 2156 eonstitatns
661 2079 701 2154 in
719 2080 802 2154 loeo
822 2101 890 2156 suo
910 2077 1152 2155 Mehmetbek
1169 2079 1208 2152 in

113 2205 263 2282 Zendere
289 2215 327 2282 et
353 2207 393 2280 in
420 2205 695 2284 Alba-Nandor
722 2207 833 2283 areis.
878 2205 1001 2298 Quum
1027 2207 1210 2284 vidissent

113 2355 183 2408 enm
199 2332 403 2412 Perhatum
422 2335 585 2431 superba
602 2335 740 2432 pomba
757 2334 920 2429 venisse,
943 2341 981 2408 et
999 2335 1052 2409 nil
1071 2333 1210 2410 dabant

114 2457 297 2535 infinibus
331 2459 568 2534 Tmoarum:
608 2466 646 2533 et
682 2459 776 2534 dixit
812 2459 859 2535 ad
896 2458 1061 2536 Mehmet
1086 2459 1207 2556 begin:

116 2585 290 2683 „Propera
308 2592 345 2660 te
364 2585 486 2684 ipsum
505 2591 543 2660 et
560 2586 647 2660 voni
665 2609 808 2662 meeum
828 2586 876 2662 ad
894 2583 1095 2689 ea(m)pnm
1115 2584 1207 2662 Siri-
1260 2574 1267 2590 ⁸

113 2711 292 2806 mensem,
312 2717 354 2786 vt
370 2713 435 2788 ubi
453 2711 525 2788 init
552 2712 738 2790 oonfliotio
766 2714 972 2790 Turearum
1001 2736 1082 2789 oum
1101 2711 1207 2788 Han-

112 2837 233 2930 gerim
257 2839 307 2912 Et
325 2837 420 2912 dixit
439 2837 606 2914 Mehmet
621 2840 718 2916 bek:
742 2841 878 2937 „Vere
899 2841 1057 2935 domine,
1076 2840 1207 2915 timen-

113 2961 181 3038 dam
199 2972 257 3042 est
274 2965 326 3042 ibi
347 2965 413 3060 ire,
434 2966 523 3062 quia
541 2966 594 3042 ibi
613 2967 702 3042 mali
722 2967 815 3065 lnpi,
835 2974 873 3041 et
890 2969 1013 3044 solent
1027 2967 1208 3044 deuorare

24 3103 25 3178 ξ
115 3091 289 3168 tnreoks.“
331 3090 475 3168 Perhat
500 3089 647 3168 audien.
684 3092 878 3191 inerepare
915 3094 1015 3191 oepit
1050 3093 1207 3170 Bassam

24 3253 25 3262 κ
113 3217 301 3311 predictum
320 3247 329 3292 :
354 3219 476 3315 „Veni
494 3242 648 3314 meeum,
669 3227 707 3296 et
725 3221 880 3297 ostende
897 3221 985 3298 ilios
1003 3222 1149 3322 hippos,
1170 3229 1210 3296 vt

24 3377 25 3422 τ
112 3343 278 3420 aideam.“
309 3344 446 3422 Statim
473 3346 531 3421 ira
559 3354 764 3424 commotus
791 3347 1052 3424 Mehmetbek
1070 3349 1207 3448 etipse

24 3513 25 3528 ι
114 3472 312 3568 preparant
329 3494 370 3548 se
390 3471 524 3548 deeore
544 3472 593 3548 ad
609 3496 774 3571 pugnarn
792 3496 876 3549 eum
895 3475 1083 3571 equitibus
1102 3475 1207 3571 quin·

24 3647 25 3650 a
113 3598 212 3674 antis
232 3600 269 3674 in
289 3597 527 3677 confinitibns
554 3601 644 3678 sais.
675 3601 726 3675 Et
744 3610 928 3679 venerant
953 3602 1048 3678 eitra
1066 3601 1207 3678 Zamam

114 3717 188 3811 ³232
208 3727 308 3804 vltra
335 3727 496 3822 zaran,
526 3750 682 3826 eumque
707 3728 945 3825 remigassent
972 3735 1009 3804 et
1026 3737 1209 3805 venerunt
1249 3779 1254 3792 ·

24 3909 26 3944 p
109 3847 201 3938 juxta
224 3853 407 3950 opitulum
435 3853 540 3929 Zaua
568 3860 654 3928 aent
672 3853 862 3930 Demeter.
888 3856 939 3930 Et
956 3855 1009 3931 ibi
1028 3856 1066 3930 in
1085 3856 1206 3954 plani·
1308 3869 1312 3874 '

114 3973 177 4052 ries
193 3989 317 4058 eastra
335 3981 464 4056 metati
483 3989 581 4058 sant.
610 3980 702 4057 Inde
720 3984 834 4059 bassa
853 3981 1020 4058 Mehmet
1036 3983 1113 4058 bek
1132 3989 1205 4060 sta·

24 4131 25 4140 ¹
115 4101 165 4174 tim
182 4105 278 4182 misit
296 4106 345 4182 ad
363 4105 543 4183 Thomori
571 4108 730 4184 Panium
758 4130 870 4184 vnum
898 4110 1145 4205 Traeianum,
1166 4118 1207 4184 vt

24 4235 25 4272 ³
114 4229 218 4306 statim
235 4239 412 4331 preparet
436 4257 477 4309 se
494 4235 615 4332 ipsam
643 4257 725 4310 eum
744 4236 973 4314 militonibus
991 4238 1089 4332 sais,
1118 4238 1207 4336 quia

24 4355 25 4362 '
114 4347 203 4430 Deos
229 4358 463 4456 omnipotens
481 4359 536 4435 eis
554 4381 702 4436 rursum
729 4383 903 4456 magnam
929 4365 1128 4440 vtilitatem
1146 4389 1204 4442 re-

24 4523 25 4594 p
114 4472 201 4554 duxit
209 4483 281 4578 eis,
303 4484 392 4580 quia
412 4484 500 4560 iusti
519 4495 626 4581 sant;
646 4493 685 4562 et
703 4489 790 4564 noui
810 4489 926 4567 anei
943 4492 1204 4569 transmarinis

24 4619 25 4628 ¹
114 4609 336 4684 veneruntad
354 4609 585 4706 oonfliotum‚
615 4635 706 4709 ergo
734 4614 773 4688 in
801 4637 954 4694 numero
982 4623 1068 4693 sunt
1095 4619 1200 4716 quin·

116 4723 212 4807 decim
239 4743 347 4811 oenta
374 4736 586 4834 dequitibns
613 4746 718 4836 sunt,
750 4763 833 4818 eum
855 4747 1000 4840 grande
1018 4751 1202 4844 apparata
