3248 5210
1119 456 1195 537 115

98 653 199 730 bbere
216 649 372 728 intrauit
389 651 429 728 iu
449 649 622 748 Regnum
640 652 919 752 Huugarorum.
940 657 1103 752 Domum
1123 657 1198 734 Dei

98 782 313 876 intexebant,
334 787 371 856 et
389 780 591 876 exigebant
610 805 751 879 cruces,
772 785 920 882 calices,
941 786 1146 863 turibulum
1162 793 1200 862 et

97 908 143 984 sie
160 907 202 982 de
220 908 394 1004 siugulis.
424 906 476 983 Et
495 915 690 985 exactores
718 909 781 986 isti
811 918 892 986 erat
919 909 1213 1012 desperasse

14 1039 15 1060 ³
98 1035 177 1132 redj,
196 1043 276 1110 crat
294 1033 406 1110 valde
424 1057 579 1133 pauper,
600 1036 667 1112 sed
677 1059 724 1110 ex
737 1035 918 1112 thezauro
938 1037 1112 1126 Ecclesia
1130 1039 1201 1115 fuit

14 1239 15 1280 ᾖ
98 1162 323 1260 magnifieus3
343 1171 381 1238 et
399 1163 585 1239 secundus
602 1164 791 1263 parochus
808 1164 1033 1242 Benedictus
1052 1165 1201 1241 Buden-

14 1359 15 1376 ,
97 1289 142 1365 sis
159 1296 237 1366 erat
265 1296 434 1386 exactor,
455 1290 595 1389 etipse
620 1315 764 1390 pauper
793 1292 968 1389 quicquid
987 1293 1201 1391 optinuerat

96 1423 201 1492 totum
219 1417 424 1494 consumsit
442 1439 524 1492 cum
543 1419 818 1498 eccleriseibus.

190 1545 278 1624 Jaru
305 1546 465 1622 venitin
494 1546 575 1624 dies
604 1545 724 1642 Cesar
754 1547 963 1624 Turcarum
982 1547 1031 1624 ad
1048 1550 1201 1648 prouin-

98 1673 182 1748 ciam
198 1673 467 1770 sirmiensem,
489 1681 527 1749 et
545 1674 717 1773 permisit
735 1698 780 1750 ao
797 1675 990 1751 mandauit
1008 1675 1203 1774 princibus

14 1887 15 1906 ,
97 1798 294 1876 rusorum
320 1799 447 1895 ignem
475 1821 522 1874 ne
541 1807 744 1898 ponerent,
775 1800 843 1876 sed
860 1808 1004 1878 tantum
1023 1804 1202 1899 subjuga-

14 1999 15 2010 ,
97 1935 172 2002 rent
186 1927 377 2026 populum,
397 1935 434 2002 et
452 1951 571 2004 arces.
591 1927 830 2004 Solummodo
850 1953 975 2006 arcem
994 1931 1032 2004 vi
1051 1953 1120 2006 sua
1140 1955 1203 2020 ex:

14 2047 15 2138 J
98 2062 344 2152 pugnauerat,
372 2061 460 2152 post
478 2077 523 2130 ea
542 2077 670 2130 omues
690 2056 881 2152 subjugati
901 2065 1021 2132 eraut.
1051 2055 1098 2132 In
1116 2057 1205 2132 aliis

14 2283 15 2288 Ν
99 2183 188 2258 arcis
206 2182 361 2260 exibant
379 2181 425 2258 dc
444 2182 591 2278 multis,
622 2189 659 2258 et
677 2181 717 2256 iu
736 2204 894 2258 vacuum
913 2183 1126 2280 relinquere
1145 2207 1205 2260 so·

14 2289 15 2304 ³
99 2307 226 2384 lebant.
247 2307 348 2384 Mira
366 2331 429 2384 res
448 2315 529 2384 erat
548 2316 586 2384 et
603 2308 793 2404 inaudita,
823 2308 922 2407 quod
940 2333 1048 2386 arces
1068 2309 1207 2387 dabant

14 2447 15 2470 ¹
99 2434 318 2512 inmanibus
338 2434 548 2512 Turoarum
567 2435 698 2512 libere.
719 2434 778 2509 Ita
789 2437 1066 2514 numerauimus
1083 2437 1208 2514 insula

14 2605 15 2668 4
100 2560 300 2638 Sirimiensi
321 2585 448 2658 arces,
479 2569 731 2661 occupauerat
750 2587 857 2640 arces
876 2563 1056 2658 sedecim,
1077 2571 1209 2661 utputa

14 2759 15 2768 ,
100 2687 284 2788 Zemlyeu,
305 2687 576 2784 Zalonkemeu,
597 2687 701 2764 Petri
712 2689 911 2785 Varadini,
925 2687 1113 2785 Oheregh,
1133 2689 1207 2764 Ba·

14 2817 15 2892 }
101 2823 297 2911 monostra,
319 2815 455 2912 Vilak,
475 2813 609 2915 Attya,
630 2815 737 2912 Zata,
759 2815 896 2913 Boroh‚
918 2817 1114 2910 Valkwar,
1136 2816 1207 2890 Er·

14 2941 15 2964 ¹
100 2943 215 3040 dcwd,
236 2941 512 3039 chtbkergel,
532 2942 628 3017 Zent
646 2942 840 3040 Demeter,
860 2943 1023 3040 Rachia,
1044 2944 1208 3042 Kelpeu,

14 3081 15 3088 '
101 3069 244 3168 Barich,
265 3071 458 3150 Bercazzo
479 3077 516 3144 et
534 3069 831 3166 sicdesingulis,
852 3071 951 3167 quod
969 3094 1045 3146 uon
1062 3077 1211 3169 poterat

102 3199 249 3299 implere
277 3222 386 3276 arces
414 3221 496 3274 cum
525 3197 751 3278 officialibus
789 3197 926 3276 'Parcis
963 3197 1082 3276 Cesar
1111 3198 1208 3275 Tur-

103 3351 232 3405 carum.
1114 3309 1117 3316 ⁴

199 3457 251 3531 Et
277 3455 421 3531 Paulus
449 3453 599 3530 Bakich
628 3460 784 3530 venerat
812 3477 895 3529 cum
924 3461 1042 3531 matre
1071 3462 1109 3530 et
1122 3477 1210 3530 cum

14 3671 15 3684 ἶ
105 3583 286 3678 germanis
304 3582 386 3660 suis
409 3581 457 3656 ad
485 3580 742 3678 Huugariam,
772 3587 810 3655 et
836 3581 959 3679 ipsum
985 3580 1069 3658 Rex
1087 3580 1211 3657 Ludo·

14 3753 15 3810 t
107 3713 202 3788 uicus
221 3709 447 3788 charitatiuc
467 3717 709 3800 assumserat,
726 3703 817 3813 ³⁴·lv·
840 3716 876 3784 et
895 3708 979 3784 Rex
998 3707 1212 3786 Ludouicus

14 3855 15 3858 ‘
107 3861 221 3914 arcem
240 3839 412 3917 Salawar
430 3862 505 3914 vna
523 3839 749 3914 contullerat
766 3838 840 3916 sibi
854 3840 965 3935 juxta
977 3837 1119 3913 Budam
1130 3861 1213 3912 cum

14 3981 15 4058 3
107 3963 303 4042 hereditate
340 3987 420 4042 sua.
459 3965 547 4042 Jam
584 3964 669 4041 iude
705 3965 846 4040 milites
875 3971 913 4038 et
940 3963 1055 4039 aulici
1092 3963 1213 4059 Regic

14 4111 15 4162 t
109 4091 308 4190 llajcstatis
345 4091 559 4168 diuidebant
596 4113 727 4168 cruces
763 4099 802 4167 et
834 4090 973 4167 calices
999 4089 1214 4165 meretrices

14 4237 15 4246 ¹
111 4217 313 4317 Budcuses,
333 4227 372 4296 ct
388 4219 471 4296 Rex
500 4218 670 4294 scindere
688 4225 910 4316 preceperat
929 4222 1054 4292 arteas
1075 4214 1212 4290 scutel-

14 4379 15 4442 ,
111 4344 165 4422 lar
188 4369 274 4425 suas
301 4345 350 4421 ad
378 4347 665 4444 proporciones,
695 4351 732 4418 et
759 4365 974 4420 mensurare
1002 4340 1051 4416 ad
1068 4363 1214 4417 marcas

14 4487 15 4556 ζ
113 4473 326 4568 existiman,
348 4471 460 4548 etsie
478 4472 675 4547 soluebaut
694 4471 876 4546 militibus
895 4467 1105 4563 eiemineis,
1127 4467 1215 4563 quia

14 4591 15 4630 i
115 4621 180 4674 uou
197 4607 276 4675 erat
293 4598 407 4675 astuti
426 4596 618 4673 bellicare.
648 4594 748 4687 Quia
771 4599 852 4694 jam
870 4593 1102 4692 Stephanum
1121 4591 1213 4667 Bar·

117 4724 205 4800 dam
231 4725 393 4802 decolari
421 4725 563 4801 fecerat
590 4724 630 4798 in
655 4709 756 4798 arce⁰
770 4722 875 4806 Petri
901 4719 1121 4904 Wargd'ini,
1151 4717 1214 4814 qui
