<?xml version="1.0" encoding="UTF-8"?>
<!DOCTYPE html PUBLIC "-//W3C//DTD XHTML 1.0 Transitional//EN"
    "http://www.w3.org/TR/xhtml1/DTD/xhtml1-transitional.dtd">
<html xmlns="http://www.w3.org/1999/xhtml" xml:lang="en" lang="en">
 <head>
  <title>
</title>
<meta http-equiv="Content-Type" content="text/html;charset=utf-8" />
  <meta name='ocr-system' content='tesseract 3.04.00' />
  <meta name='ocr-capabilities' content='ocr_page ocr_carea ocr_par ocr_line ocrx_word'/>
</head>
<body>
  <div class='ocr_page' id='page_1' title='image "./emlkiratamagyar00wenzgoog_0425.png"; bbox 0 0 3260 5226; ppageno 0'>
   <div class='ocr_carea' id='block_1_1' title="bbox 384 544 462 624">
    <p class='ocr_par' dir='ltr' id='par_1_1' title="bbox 384 544 462 624">
     <span class='ocr_line' id='line_1_1' title="bbox 384 544 462 624; baseline 0 -1"><span class='ocrx_word' id='word_1_1' title='bbox 384 544 462 624; x_wconf 79' lang='lat' dir='ltr'><strong>ets</strong></span> 
     </span>
    </p>
   </div>
   <div class='ocr_carea' id='block_1_2' title="bbox 382 744 1499 4776">
    <p class='ocr_par' dir='ltr' id='par_1_2' title="bbox 382 744 1499 3104">
     <span class='ocr_line' id='line_1_2' title="bbox 386 744 1497 846; baseline 0.002 -26"><span class='ocrx_word' id='word_1_2' title='bbox 386 744 581 841; x_wconf 82' lang='lat' dir='ltr'><strong>Hungsri3</strong></span> <span class='ocrx_word' id='word_1_3' title='bbox 601 746 738 844; x_wconf 85' lang='lat' dir='ltr'><strong>etipse</strong></span> <span class='ocrx_word' id='word_1_4' title='bbox 757 745 929 846; x_wconf 85' lang='lat' dir='ltr'><strong>vaynoda</strong></span> <span class='ocrx_word' id='word_1_5' title='bbox 948 745 1114 840; x_wconf 80' lang='lat' dir='ltr'><strong>dicebat,</strong></span> <span class='ocrx_word' id='word_1_6' title='bbox 1136 745 1285 843; x_wconf 87' lang='lat' dir='ltr'><strong>quodsi</strong></span> <span class='ocrx_word' id='word_1_7' title='bbox 1304 747 1379 822; x_wconf 87' lang='lat' dir='ltr'><strong>ista</strong></span> <span class='ocrx_word' id='word_1_8' title='bbox 1396 747 1497 823; x_wconf 85' lang='lat' dir='ltr'><strong>bella</strong></span> 
     </span>
     <span class='ocr_line' id='line_1_3' title="bbox 384 871 1499 972; baseline 0.001 -24"><span class='ocrx_word' id='word_1_9' title='bbox 384 895 458 948; x_wconf 92' lang='lat' dir='ltr'><strong>non</strong></span> <span class='ocrx_word' id='word_1_10' title='bbox 475 871 609 950; x_wconf 84' lang='lat' dir='ltr'><strong>inisset</strong></span> <span class='ocrx_word' id='word_1_11' title='bbox 626 872 754 968; x_wconf 84' lang='lat' dir='ltr'><strong>tarda,</strong></span> <span class='ocrx_word' id='word_1_12' title='bbox 774 875 868 950; x_wconf 88' lang='lat' dir='ltr'><strong>bene</strong></span> <span class='ocrx_word' id='word_1_13' title='bbox 888 871 1035 970; x_wconf 87' lang='lat' dir='ltr'><strong>quidem</strong></span> <span class='ocrx_word' id='word_1_14' title='bbox 1053 894 1135 948; x_wconf 88' lang='lat' dir='ltr'><strong>eum</strong></span> <span class='ocrx_word' id='word_1_15' title='bbox 1154 871 1341 972; x_wconf 86' lang='lat' dir='ltr'><strong>triumpho</strong></span> <span class='ocrx_word' id='word_1_16' title='bbox 1360 873 1499 972; x_wconf 88' lang='lat' dir='ltr'><strong>optimo</strong></span> 
     </span>
     <span class='ocr_line' id='line_1_4' title="bbox 384 997 1499 1097; baseline 0 -22"><span class='ocrx_word' id='word_1_17' title='bbox 384 998 590 1097; x_wconf 88' lang='lat' dir='ltr'><strong>potuissent</strong></span> <span class='ocrx_word' id='word_1_18' title='bbox 607 998 746 1076; x_wconf 86' lang='lat' dir='ltr'><strong>habere</strong></span> <span class='ocrx_word' id='word_1_19' title='bbox 766 997 909 1073; x_wconf 83' lang='lat' dir='ltr'><strong>Budam</strong></span> <span class='ocrx_word' id='word_1_20' title='bbox 929 998 1131 1074; x_wconf 82' lang='lat' dir='ltr'><strong>ciuitatem.</strong></span> <span class='ocrx_word' id='word_1_21' title='bbox 1153 999 1204 1074; x_wconf 85' lang='lat' dir='ltr'><strong>Et</strong></span> <span class='ocrx_word' id='word_1_22' title='bbox 1221 999 1381 1094; x_wconf 81' lang='lat' dir='ltr'>interim,</span> <span class='ocrx_word' id='word_1_23' title='bbox 1404 1001 1499 1097; x_wconf 89' lang='lat' dir='ltr'><strong>quod</strong></span> 
     </span>
     <span class='ocr_line' id='line_1_5' title="bbox 385 1124 1498 1224; baseline 0 -23"><span class='ocrx_word' id='word_1_24' title='bbox 385 1132 510 1201; x_wconf 77' lang='lat' dir='ltr'><strong>eastra</strong></span> <span class='ocrx_word' id='word_1_25' title='bbox 546 1124 672 1199; x_wconf 88' lang='lat' dir='ltr'><strong>metati</strong></span> <span class='ocrx_word' id='word_1_26' title='bbox 710 1125 859 1198; x_wconf 81' lang='lat' dir='ltr'><strong>fuerant</strong></span> <span class='ocrx_word' id='word_1_27' title='bbox 894 1124 1007 1202; x_wconf 88' lang='lat' dir='ltr'><strong>dnoes</strong></span> <span class='ocrx_word' id='word_1_28' title='bbox 1043 1127 1119 1201; x_wconf 88' lang='lat' dir='ltr'><strong>snb·</strong></span> <span class='ocrx_word' id='word_1_29' title='bbox 1139 1126 1309 1224; x_wconf 82' lang='lat' dir='ltr'><strong>proxime</strong></span> <span class='ocrx_word' id='word_1_30' title='bbox 1338 1127 1498 1201; x_wconf 88' lang='lat' dir='ltr'><strong>meniam</strong></span> 
     </span>
     <span class='ocr_line' id='line_1_6' title="bbox 385 1251 1499 1352; baseline 0.002 -26"><span class='ocrx_word' id='word_1_31' title='bbox 385 1252 631 1347; x_wconf 89' lang='lat' dir='ltr'><strong>Pestiensem,</strong></span> <span class='ocrx_word' id='word_1_32' title='bbox 652 1259 690 1327; x_wconf 91' lang='lat' dir='ltr'><strong>et</strong></span> <span class='ocrx_word' id='word_1_33' title='bbox 707 1271 817 1326; x_wconf 88' lang='lat' dir='ltr'><strong>vnum</strong></span> <span class='ocrx_word' id='word_1_34' title='bbox 837 1251 967 1328; x_wconf 80' lang='lat' dir='ltr'><strong>ducem</strong></span> <span class='ocrx_word' id='word_1_35' title='bbox 985 1251 1031 1328; x_wconf 94' lang='lat' dir='ltr'><strong>de</strong></span> <span class='ocrx_word' id='word_1_36' title='bbox 1050 1276 1125 1327; x_wconf 83' lang='lat' dir='ltr'><strong>vna</strong></span> <span class='ocrx_word' id='word_1_37' title='bbox 1143 1254 1253 1329; x_wconf 83' lang='lat' dir='ltr'><strong>basto</strong></span> <span class='ocrx_word' id='word_1_38' title='bbox 1272 1275 1354 1327; x_wconf 87' lang='lat' dir='ltr'><strong>enm</strong></span> <span class='ocrx_word' id='word_1_39' title='bbox 1371 1253 1499 1352; x_wconf 83' lang='lat' dir='ltr'>pixide</span> 
     </span>
     <span class='ocr_line' id='line_1_7' title="bbox 384 1376 1498 1474; baseline 0 -20"><span class='ocrx_word' id='word_1_40' title='bbox 384 1385 543 1474; x_wconf 86' lang='lat' dir='ltr'><strong>sagitan.</strong></span> <span class='ocrx_word' id='word_1_41' title='bbox 564 1379 631 1454; x_wconf 87' lang='lat' dir='ltr'><strong>sub</strong></span> <span class='ocrx_word' id='word_1_42' title='bbox 650 1376 850 1454; x_wconf 87' lang='lat' dir='ltr'><strong>tentoriam</strong></span> <span class='ocrx_word' id='word_1_43' title='bbox 869 1401 975 1454; x_wconf 89' lang='lat' dir='ltr'><strong>snam</strong></span> <span class='ocrx_word' id='word_1_44' title='bbox 1002 1377 1204 1454; x_wconf 83' lang='lat' dir='ltr'><strong>tetidemnt</strong></span> <span class='ocrx_word' id='word_1_45' title='bbox 1222 1401 1327 1474; x_wconf 87' lang='lat' dir='ltr'><strong>eum,</strong></span> <span class='ocrx_word' id='word_1_46' title='bbox 1357 1387 1396 1454; x_wconf 91' lang='lat' dir='ltr'><strong>et</strong></span> <span class='ocrx_word' id='word_1_47' title='bbox 1414 1401 1498 1455; x_wconf 91' lang='lat' dir='ltr'><strong>mox</strong></span> 
     </span>
     <span class='ocr_line' id='line_1_8' title="bbox 384 1502 1498 1604; baseline 0.001 -25"><span class='ocrx_word' id='word_1_48' title='bbox 384 1505 551 1580; x_wconf 84' lang='lat' dir='ltr'><strong>exalonit</strong></span> <span class='ocrx_word' id='word_1_49' title='bbox 569 1503 614 1578; x_wconf 91' lang='lat' dir='ltr'><strong>de</strong></span> <span class='ocrx_word' id='word_1_50' title='bbox 633 1502 777 1580; x_wconf 91' lang='lat' dir='ltr'><strong>mundo.</strong></span> <span class='ocrx_word' id='word_1_51' title='bbox 797 1503 875 1586; x_wconf 84' lang='lat' dir='ltr'><strong>Era</strong></span> <span class='ocrx_word' id='word_1_52' title='bbox 893 1503 969 1579; x_wconf 86' lang='lat' dir='ltr'><strong>dux</strong></span> <span class='ocrx_word' id='word_1_53' title='bbox 988 1503 1161 1602; x_wconf 86' lang='lat' dir='ltr'><strong>Ispanie,</strong></span> <span class='ocrx_word' id='word_1_54' title='bbox 1182 1511 1220 1580; x_wconf 90' lang='lat' dir='ltr'><strong>et</strong></span> <span class='ocrx_word' id='word_1_55' title='bbox 1237 1505 1377 1604; x_wconf 88' lang='lat' dir='ltr'><strong>optime</strong></span> <span class='ocrx_word' id='word_1_56' title='bbox 1398 1511 1498 1582; x_wconf 80' lang='lat' dir='ltr'><strong>sata·</strong></span> 
     </span>
     <span class='ocr_line' id='line_1_9' title="bbox 383 1629 1496 1729; baseline 0 -22"><span class='ocrx_word' id='word_1_57' title='bbox 383 1632 497 1728; x_wconf 90' lang='lat' dir='ltr'><strong>gebat</strong></span> <span class='ocrx_word' id='word_1_58' title='bbox 510 1633 620 1729; x_wconf 83' lang='lat' dir='ltr'><strong>juxta</strong></span> <span class='ocrx_word' id='word_1_59' title='bbox 638 1629 748 1705; x_wconf 89' lang='lat' dir='ltr'><strong>fidem</strong></span> <span class='ocrx_word' id='word_1_60' title='bbox 757 1629 1025 1708; x_wconf 74' lang='lat' dir='ltr'><strong>Christianam.</strong></span> <span class='ocrx_word' id='word_1_61' title='bbox 1044 1631 1093 1706; x_wconf 87' lang='lat' dir='ltr'><strong>Et</strong></span> <span class='ocrx_word' id='word_1_62' title='bbox 1112 1632 1210 1729; x_wconf 91' lang='lat' dir='ltr'><strong>quod</strong></span> <span class='ocrx_word' id='word_1_63' title='bbox 1228 1653 1355 1707; x_wconf 81' lang='lat' dir='ltr'><strong>oasam</strong></span> <span class='ocrx_word' id='word_1_64' title='bbox 1374 1631 1496 1708; x_wconf 90' lang='lat' dir='ltr'><strong>dedis-</strong></span> 
     </span>
     <span class='ocr_line' id='line_1_10' title="bbox 384 1757 1495 1854; baseline 0 -20"><span class='ocrx_word' id='word_1_65' title='bbox 384 1765 442 1834; x_wconf 88' lang='lat' dir='ltr'><strong>set</strong></span> <span class='ocrx_word' id='word_1_66' title='bbox 468 1757 517 1833; x_wconf 89' lang='lat' dir='ltr'><strong>ad</strong></span> <span class='ocrx_word' id='word_1_67' title='bbox 544 1764 719 1854; x_wconf 90' lang='lat' dir='ltr'><strong>mortem,</strong></span> <span class='ocrx_word' id='word_1_68' title='bbox 759 1781 844 1833; x_wconf 85' lang='lat' dir='ltr'><strong>mox</strong></span> <span class='ocrx_word' id='word_1_69' title='bbox 876 1758 1015 1835; x_wconf 86' lang='lat' dir='ltr'><strong>oorrnit</strong></span> <span class='ocrx_word' id='word_1_70' title='bbox 1041 1760 1144 1835; x_wconf 86' lang='lat' dir='ltr'><strong>bella</strong></span> <span class='ocrx_word' id='word_1_71' title='bbox 1181 1757 1495 1854; x_wconf 78' lang='lat' dir='ltr'><strong>Christianorum,</strong></span> 
     </span>
     <span class='ocr_line' id='line_1_11' title="bbox 383 1883 1497 1985; baseline 0.003 -26"><span class='ocrx_word' id='word_1_72' title='bbox 383 1883 539 1960; x_wconf 87' lang='lat' dir='ltr'><strong>formido</strong></span> <span class='ocrx_word' id='word_1_73' title='bbox 566 1885 680 1960; x_wconf 87' lang='lat' dir='ltr'><strong>taeito</strong></span> <span class='ocrx_word' id='word_1_74' title='bbox 708 1883 977 1962; x_wconf 87' lang='lat' dir='ltr'><strong>subaudiebant</strong></span> <span class='ocrx_word' id='word_1_75' title='bbox 1004 1909 1051 1961; x_wconf 85' lang='lat' dir='ltr'><strong>ex</strong></span> <span class='ocrx_word' id='word_1_76' title='bbox 1079 1885 1238 1985; x_wconf 86' lang='lat' dir='ltr'><strong>vndique</strong></span> <span class='ocrx_word' id='word_1_77' title='bbox 1271 1891 1380 1984; x_wconf 83' lang='lat' dir='ltr'><strong>parte</strong></span> <span class='ocrx_word' id='word_1_78' title='bbox 1407 1909 1497 1982; x_wconf 90' lang='lat' dir='ltr'><strong>gen·</strong></span> 
     </span>
     <span class='ocr_line' id='line_1_12' title="bbox 384 2009 1499 2109; baseline 0.001 -23"><span class='ocrx_word' id='word_1_79' title='bbox 384 2011 491 2086; x_wconf 86' lang='lat' dir='ltr'><strong>oium.</strong></span> <span class='ocrx_word' id='word_1_80' title='bbox 539 2009 661 2103; x_wconf 80' lang='lat' dir='ltr'><strong>Quum</strong></span> <span class='ocrx_word' id='word_1_81' title='bbox 698 2012 767 2088; x_wconf 88' lang='lat' dir='ltr'><strong>hee</strong></span> <span class='ocrx_word' id='word_1_82' title='bbox 803 2013 966 2088; x_wconf 89' lang='lat' dir='ltr'><strong>seneien.</strong></span> <span class='ocrx_word' id='word_1_83' title='bbox 1005 2013 1186 2109; x_wconf 87' lang='lat' dir='ltr'><strong>eapitiuns</strong></span> <span class='ocrx_word' id='word_1_84' title='bbox 1222 2011 1400 2108; x_wconf 82' lang='lat' dir='ltr'><strong>Torone,</strong></span> <span class='ocrx_word' id='word_1_85' title='bbox 1448 2013 1499 2088; x_wconf 89' lang='lat' dir='ltr'><strong>ait</strong></span> 
     </span>
     <span class='ocr_line' id='line_1_13' title="bbox 383 2137 1497 2236; baseline 0.001 -23"><span class='ocrx_word' id='word_1_86' title='bbox 383 2137 557 2214; x_wconf 88' lang='lat' dir='ltr'><strong>Thureus</strong></span> <span class='ocrx_word' id='word_1_87' title='bbox 587 2165 595 2212; x_wconf 93' lang='lat'><strong>:</strong></span> <span class='ocrx_word' id='word_1_88' title='bbox 629 2139 754 2236; x_wconf 86' lang='lat' dir='ltr'><strong>„Vere</strong></span> <span class='ocrx_word' id='word_1_89' title='bbox 782 2159 896 2215; x_wconf 85' lang='lat' dir='ltr'><strong>eausa</strong></span> <span class='ocrx_word' id='word_1_90' title='bbox 924 2145 982 2215; x_wconf 89' lang='lat' dir='ltr'><strong>est</strong></span> <span class='ocrx_word' id='word_1_91' title='bbox 1008 2137 1196 2235; x_wconf 76' lang='lat' dir='ltr'><strong>magnifici</strong></span> <span class='ocrx_word' id='word_1_92' title='bbox 1224 2137 1364 2214; x_wconf 88' lang='lat' dir='ltr'><strong>domini</strong></span> <span class='ocrx_word' id='word_1_93' title='bbox 1392 2139 1497 2214; x_wconf 87' lang='lat' dir='ltr'><strong>Petri</strong></span> 
     </span>
     <span class='ocr_line' id='line_1_14' title="bbox 384 2265 1498 2365; baseline 0.003 -26"><span class='ocrx_word' id='word_1_94' title='bbox 384 2265 522 2364; x_wconf 85' lang='lat' dir='ltr'><strong>Priny,</strong></span> <span class='ocrx_word' id='word_1_95' title='bbox 552 2265 642 2362; x_wconf 87' lang='lat' dir='ltr'><strong>quia</strong></span> <span class='ocrx_word' id='word_1_96' title='bbox 661 2273 818 2342; x_wconf 89' lang='lat' dir='ltr'><strong>venerat</strong></span> <span class='ocrx_word' id='word_1_97' title='bbox 835 2267 905 2342; x_wconf 90' lang='lat' dir='ltr'><strong>snb</strong></span> <span class='ocrx_word' id='word_1_98' title='bbox 924 2271 1033 2342; x_wconf 88' lang='lat' dir='ltr'><strong>noete</strong></span> <span class='ocrx_word' id='word_1_99' title='bbox 1051 2266 1188 2341; x_wconf 84' lang='lat' dir='ltr'><strong>Petrus</strong></span> <span class='ocrx_word' id='word_1_100' title='bbox 1206 2265 1327 2365; x_wconf 87' lang='lat' dir='ltr'><strong>Priny</strong></span> <span class='ocrx_word' id='word_1_101' title='bbox 1345 2265 1394 2340; x_wconf 84' lang='lat' dir='ltr'><strong>ad</strong></span> <span class='ocrx_word' id='word_1_102' title='bbox 1411 2267 1498 2342; x_wconf 89' lang='lat' dir='ltr'><strong>bas-</strong></span> 
     </span>
     <span class='ocr_line' id='line_1_15' title="bbox 383 2391 1499 2491; baseline 0.001 -24"><span class='ocrx_word' id='word_1_103' title='bbox 383 2415 463 2467; x_wconf 85' lang='lat' dir='ltr'><strong>sam</strong></span> <span class='ocrx_word' id='word_1_104' title='bbox 482 2391 759 2467; x_wconf 86' lang='lat' dir='ltr'><strong>Mehmetbek.“</strong></span> <span class='ocrx_word' id='word_1_105' title='bbox 792 2391 893 2484; x_wconf 82' lang='lat' dir='ltr'><strong>Quia</strong></span> <span class='ocrx_word' id='word_1_106' title='bbox 918 2415 964 2468; x_wconf 91' lang='lat' dir='ltr'><strong>ex</strong></span> <span class='ocrx_word' id='word_1_107' title='bbox 983 2399 1068 2468; x_wconf 89' lang='lat' dir='ltr'><strong>utra</strong></span> <span class='ocrx_word' id='word_1_108' title='bbox 1094 2399 1200 2491; x_wconf 88' lang='lat' dir='ltr'><strong>parte</strong></span> <span class='ocrx_word' id='word_1_109' title='bbox 1226 2391 1324 2468; x_wconf 89' lang='lat' dir='ltr'><strong>inter</strong></span> <span class='ocrx_word' id='word_1_110' title='bbox 1341 2416 1383 2469; x_wconf 87' lang='lat' dir='ltr'><strong>se</strong></span> <span class='ocrx_word' id='word_1_111' title='bbox 1402 2415 1499 2468; x_wconf 87' lang='lat' dir='ltr'><strong>vnus</strong></span> 
     </span>
     <span class='ocr_line' id='line_1_16' title="bbox 383 2517 1498 2615; baseline 0.003 -24"><span class='ocrx_word' id='word_1_112' title='bbox 383 2519 540 2594; x_wconf 85' lang='lat' dir='ltr'><strong>alterum</strong></span> <span class='ocrx_word' id='word_1_113' title='bbox 568 2517 690 2592; x_wconf 82' lang='lat' dir='ltr'><strong>vinxit</strong></span> <span class='ocrx_word' id='word_1_114' title='bbox 717 2541 800 2593; x_wconf 88' lang='lat' dir='ltr'><strong>enm</strong></span> <span class='ocrx_word' id='word_1_115' title='bbox 828 2518 900 2594; x_wconf 90' lang='lat' dir='ltr'><strong>fide</strong></span> <span class='ocrx_word' id='word_1_116' title='bbox 919 2541 1009 2615; x_wconf 85' lang='lat' dir='ltr'><strong>sus,</strong></span> <span class='ocrx_word' id='word_1_117' title='bbox 1029 2518 1092 2594; x_wconf 90' lang='lat' dir='ltr'><strong>hio</strong></span> <span class='ocrx_word' id='word_1_118' title='bbox 1111 2541 1194 2594; x_wconf 88' lang='lat' dir='ltr'><strong>oum</strong></span> <span class='ocrx_word' id='word_1_119' title='bbox 1213 2517 1361 2594; x_wconf 83' lang='lat' dir='ltr'><strong>audien.</strong></span> <span class='ocrx_word' id='word_1_120' title='bbox 1382 2517 1498 2594; x_wconf 90' lang='lat' dir='ltr'><strong>dnoes</strong></span> 
     </span>
     <span class='ocr_line' id='line_1_17' title="bbox 383 2644 1498 2745; baseline 0.002 -25"><span class='ocrx_word' id='word_1_121' title='bbox 383 2644 583 2735; x_wconf 83' lang='lat' dir='ltr'><strong>admiram,</strong></span> <span class='ocrx_word' id='word_1_122' title='bbox 622 2645 721 2742; x_wconf 91' lang='lat' dir='ltr'><strong>quod</strong></span> <span class='ocrx_word' id='word_1_123' title='bbox 748 2653 824 2720; x_wconf 86' lang='lat' dir='ltr'><strong>tam</strong></span> <span class='ocrx_word' id='word_1_124' title='bbox 852 2645 1105 2745; x_wconf 78' lang='lat' dir='ltr'><strong>proditionem</strong></span> <span class='ocrx_word' id='word_1_125' title='bbox 1143 2645 1333 2723; x_wconf 76' lang='lat' dir='ltr'><strong>debuisset</strong></span> <span class='ocrx_word' id='word_1_126' title='bbox 1369 2645 1498 2722; x_wconf 80' lang='lat' dir='ltr'><strong>faeere</strong></span> 
     </span>
     <span class='ocr_line' id='line_1_18' title="bbox 383 2770 1499 2870; baseline 0 -22"><span class='ocrx_word' id='word_1_127' title='bbox 383 2779 514 2848; x_wconf 86' lang='lat' dir='ltr'><strong>eontra</strong></span> <span class='ocrx_word' id='word_1_128' title='bbox 531 2777 645 2848; x_wconf 85' lang='lat' dir='ltr'><strong>totam</strong></span> <span class='ocrx_word' id='word_1_129' title='bbox 666 2770 997 2849; x_wconf 80' lang='lat' dir='ltr'><strong>Christianitatem.</strong></span> <span class='ocrx_word' id='word_1_130' title='bbox 1018 2773 1120 2870; x_wconf 88' lang='lat' dir='ltr'><strong>Ergo</strong></span> <span class='ocrx_word' id='word_1_131' title='bbox 1139 2773 1237 2848; x_wconf 79' lang='lat' dir='ltr'><strong>male</strong></span> <span class='ocrx_word' id='word_1_132' title='bbox 1256 2771 1344 2848; x_wconf 83' lang='lat' dir='ltr'><strong>feeit</strong></span> <span class='ocrx_word' id='word_1_133' title='bbox 1362 2771 1499 2848; x_wconf 87' lang='lat' dir='ltr'><strong>Petrus</strong></span> 
     </span>
     <span class='ocr_line' id='line_1_19' title="bbox 385 2898 1498 2999; baseline 0.001 -26"><span class='ocrx_word' id='word_1_134' title='bbox 385 2898 514 2998; x_wconf 89' lang='lat' dir='ltr'><strong>Priny.</strong></span> <span class='ocrx_word' id='word_1_135' title='bbox 541 2898 621 2996; x_wconf 89' lang='lat' dir='ltr'><strong>Ipsi</strong></span> <span class='ocrx_word' id='word_1_136' title='bbox 640 2923 713 2974; x_wconf 93' lang='lat' dir='ltr'><strong>non</strong></span> <span class='ocrx_word' id='word_1_137' title='bbox 732 2900 970 2996; x_wconf 90' lang='lat' dir='ltr'><strong>seneiebant‚</strong></span> <span class='ocrx_word' id='word_1_138' title='bbox 991 2901 1089 2998; x_wconf 90' lang='lat' dir='ltr'><strong>quod</strong></span> <span class='ocrx_word' id='word_1_139' title='bbox 1107 2907 1261 2999; x_wconf 89' lang='lat' dir='ltr'><strong>propter</strong></span> <span class='ocrx_word' id='word_1_140' title='bbox 1278 2899 1372 2976; x_wconf 88' lang='lat' dir='ltr'><strong>duas</strong></span> <span class='ocrx_word' id='word_1_141' title='bbox 1390 2921 1498 2976; x_wconf 82' lang='lat' dir='ltr'><strong>arces</strong></span> 
     </span>
     <span class='ocr_line' id='line_1_20' title="bbox 382 3025 1019 3104; baseline 0.002 -4"><span class='ocrx_word' id='word_1_142' title='bbox 382 3025 546 3102; x_wconf 82' lang='lat' dir='ltr'><strong>faciebat</strong></span> <span class='ocrx_word' id='word_1_143' title='bbox 563 3025 748 3101; x_wconf 85' lang='lat' dir='ltr'><strong>faneoiam</strong></span> <span class='ocrx_word' id='word_1_144' title='bbox 769 3048 852 3102; x_wconf 89' lang='lat' dir='ltr'><strong>oum</strong></span> <span class='ocrx_word' id='word_1_145' title='bbox 872 3027 1019 3104; x_wconf 86' lang='lat' dir='ltr'><strong>Turois.</strong></span> 
     </span>
    </p>

    <p class='ocr_par' dir='ltr' id='par_1_3' title="bbox 382 3151 1498 4776">
     <span class='ocr_line' id='line_1_21' title="bbox 490 3151 1498 3252; baseline 0.002 -25"><span class='ocrx_word' id='word_1_146' title='bbox 490 3151 612 3244; x_wconf 85' lang='lat' dir='ltr'><strong>Quum</strong></span> <span class='ocrx_word' id='word_1_147' title='bbox 631 3153 815 3230; x_wconf 87' lang='lat' dir='ltr'><strong>vidissent</strong></span> <span class='ocrx_word' id='word_1_148' title='bbox 828 3155 928 3252; x_wconf 86' lang='lat' dir='ltr'><strong>jam,</strong></span> <span class='ocrx_word' id='word_1_149' title='bbox 959 3153 1057 3251; x_wconf 90' lang='lat' dir='ltr'><strong>qnod</strong></span> <span class='ocrx_word' id='word_1_150' title='bbox 1076 3173 1201 3229; x_wconf 82' lang='lat' dir='ltr'><strong>casum</strong></span> <span class='ocrx_word' id='word_1_151' title='bbox 1221 3151 1384 3230; x_wconf 78' lang='lat' dir='ltr'><strong>dedisset</strong></span> <span class='ocrx_word' id='word_1_152' title='bbox 1402 3173 1498 3229; x_wconf 88' lang='lat' dir='ltr'><strong>vnus</strong></span> 
     </span>
     <span class='ocr_line' id='line_1_22' title="bbox 383 3277 1496 3382; baseline 0.001 -29"><span class='ocrx_word' id='word_1_153' title='bbox 383 3277 456 3353; x_wconf 83' lang='lat' dir='ltr'><strong>dux</strong></span> <span class='ocrx_word' id='word_1_154' title='bbox 483 3301 530 3354; x_wconf 83' lang='lat' dir='ltr'><strong>ex</strong></span> <span class='ocrx_word' id='word_1_155' title='bbox 559 3279 635 3376; x_wconf 89' lang='lat' dir='ltr'><strong>eis,</strong></span> <span class='ocrx_word' id='word_1_156' title='bbox 666 3286 704 3355; x_wconf 89' lang='lat' dir='ltr'><strong>et</strong></span> <span class='ocrx_word' id='word_1_157' title='bbox 731 3281 882 3357; x_wconf 86' lang='lat' dir='ltr'><strong>Petrum</strong></span> <span class='ocrx_word' id='word_1_158' title='bbox 911 3281 1030 3382; x_wconf 86' lang='lat' dir='ltr'><strong>Priny</strong></span> <span class='ocrx_word' id='word_1_159' title='bbox 1056 3303 1253 3378; x_wconf 87' lang='lat' dir='ltr'><strong>personam</strong></span> <span class='ocrx_word' id='word_1_160' title='bbox 1286 3287 1496 3378; x_wconf 82' lang='lat' dir='ltr'><strong>suspectam</strong></span> 
     </span>
     <span class='ocr_line' id='line_1_23' title="bbox 383 3401 1496 3504; baseline 0.003 -24"><span class='ocrx_word' id='word_1_161' title='bbox 383 3405 480 3482; x_wconf 91' lang='lat' dir='ltr'><strong>inter</strong></span> <span class='ocrx_word' id='word_1_162' title='bbox 498 3401 756 3504; x_wconf 81' lang='lat' dir='ltr'><strong>se&#39;habuisse,</strong></span> <span class='ocrx_word' id='word_1_163' title='bbox 785 3415 979 3485; x_wconf 88' lang='lat' dir='ltr'><strong>mouerant</strong></span> <span class='ocrx_word' id='word_1_164' title='bbox 1006 3413 1130 3484; x_wconf 86' lang='lat' dir='ltr'><strong>eastra</strong></span> <span class='ocrx_word' id='word_1_165' title='bbox 1149 3405 1195 3481; x_wconf 89' lang='lat' dir='ltr'><strong>de</strong></span> <span class='ocrx_word' id='word_1_166' title='bbox 1214 3407 1284 3483; x_wconf 89' lang='lat' dir='ltr'><strong>sub</strong></span> <span class='ocrx_word' id='word_1_167' title='bbox 1309 3407 1403 3483; x_wconf 89' lang='lat' dir='ltr'><strong>urbe</strong></span> <span class='ocrx_word' id='word_1_168' title='bbox 1423 3405 1496 3483; x_wconf 89' lang='lat' dir='ltr'><strong>Bu·</strong></span> 
     </span>
     <span class='ocr_line' id='line_1_24' title="bbox 383 3531 1496 3630; baseline 0.001 -23"><span class='ocrx_word' id='word_1_169' title='bbox 383 3533 466 3608; x_wconf 93' lang='lat' dir='ltr'><strong>den.</strong></span> <span class='ocrx_word' id='word_1_170' title='bbox 496 3532 676 3610; x_wconf 87' lang='lat' dir='ltr'><strong>adversus</strong></span> <span class='ocrx_word' id='word_1_171' title='bbox 705 3535 883 3611; x_wconf 86' lang='lat' dir='ltr'><strong>Vaoien..</strong></span> <span class='ocrx_word' id='word_1_172' title='bbox 915 3535 965 3609; x_wconf 86' lang='lat' dir='ltr'><strong>Et</strong></span> <span class='ocrx_word' id='word_1_173' title='bbox 992 3535 1045 3610; x_wconf 93' lang='lat' dir='ltr'><strong>ibi</strong></span> <span class='ocrx_word' id='word_1_174' title='bbox 1064 3533 1282 3630; x_wconf 88' lang='lat' dir='ltr'><strong>requierunt</strong></span> <span class='ocrx_word' id='word_1_175' title='bbox 1298 3533 1339 3606; x_wconf 92' lang='lat' dir='ltr'><strong>in</strong></span> <span class='ocrx_word' id='word_1_176' title='bbox 1356 3531 1496 3608; x_wconf 90' lang='lat' dir='ltr'><strong>triduo-</strong></span> 
     </span>
     <span class='ocr_line' id='line_1_25' title="bbox 382 3651 1494 3755; baseline 0 -21"><span class='ocrx_word' id='word_1_177' title='bbox 382 3659 453 3736; x_wconf 88' lang='lat' dir='ltr'><strong>bus</strong></span> <span class='ocrx_word' id='word_1_178' title='bbox 480 3659 645 3755; x_wconf 85' lang='lat' dir='ltr'><strong>dierum;</strong></span> <span class='ocrx_word' id='word_1_179' title='bbox 676 3660 791 3736; x_wconf 85' lang='lat' dir='ltr'><strong>stibi</strong></span> <span class='ocrx_word' id='word_1_180' title='bbox 824 3661 1023 3738; x_wconf 85' lang='lat' dir='ltr'><strong>eonsilium</strong></span> <span class='ocrx_word' id='word_1_181' title='bbox 1059 3660 1220 3736; x_wconf 87' lang='lat' dir='ltr'><strong>inierunt</strong></span> <span class='ocrx_word' id='word_1_182' title='bbox 1257 3651 1494 3754; x_wconf 82' lang='lat' dir='ltr'><strong>Germanica,</strong></span> 
     </span>
     <span class='ocr_line' id='line_1_26' title="bbox 383 3785 1495 3885; baseline 0.001 -25"><span class='ocrx_word' id='word_1_183' title='bbox 383 3785 715 3885; x_wconf 88' lang='lat' dir='ltr'><strong>qnidoporteateis</strong></span> <span class='ocrx_word' id='word_1_184' title='bbox 732 3787 871 3864; x_wconf 87' lang='lat' dir='ltr'><strong>faeere.</strong></span> <span class='ocrx_word' id='word_1_185' title='bbox 891 3787 1076 3880; x_wconf 81' lang='lat' dir='ltr'><strong>Quoniam</strong></span> <span class='ocrx_word' id='word_1_186' title='bbox 1095 3787 1333 3884; x_wconf 90' lang='lat' dir='ltr'><strong>quamobrem</strong></span> <span class='ocrx_word' id='word_1_187' title='bbox 1353 3809 1495 3862; x_wconf 86' lang='lat' dir='ltr'><strong>assum·</strong></span> 
     </span>
     <span class='ocr_line' id='line_1_27' title="bbox 383 3913 1495 4014; baseline -0.001 -24"><span class='ocrx_word' id='word_1_188' title='bbox 383 3914 520 3990; x_wconf 86' lang='lat' dir='ltr'><strong>sissent</strong></span> <span class='ocrx_word' id='word_1_189' title='bbox 538 3913 633 4011; x_wconf 84' lang='lat' dir='ltr'><strong>Regi</strong></span> <span class='ocrx_word' id='word_1_190' title='bbox 653 3915 910 4012; x_wconf 83' lang='lat' dir='ltr'><strong>Fordinando‚</strong></span> <span class='ocrx_word' id='word_1_191' title='bbox 940 3915 1037 4014; x_wconf 91' lang='lat' dir='ltr'><strong>quod</strong></span> <span class='ocrx_word' id='word_1_192' title='bbox 1066 3915 1104 3990; x_wconf 93' lang='lat' dir='ltr'><strong>in</strong></span> <span class='ocrx_word' id='word_1_193' title='bbox 1123 3937 1198 3988; x_wconf 86' lang='lat' dir='ltr'><strong>vna</strong></span> <span class='ocrx_word' id='word_1_194' title='bbox 1217 3913 1276 3988; x_wconf 91' lang='lat' dir='ltr'><strong>die</strong></span> <span class='ocrx_word' id='word_1_195' title='bbox 1294 3935 1369 3987; x_wconf 92' lang='lat' dir='ltr'><strong>non</strong></span> <span class='ocrx_word' id='word_1_196' title='bbox 1387 3917 1495 3991; x_wconf 89' lang='lat' dir='ltr'><strong>dura·</strong></span> 
     </span>
     <span class='ocr_line' id='line_1_28' title="bbox 383 4039 1496 4139; baseline 0.004 -25"><span class='ocrx_word' id='word_1_197' title='bbox 383 4039 437 4115; x_wconf 88' lang='lat' dir='ltr'><strong>bit</strong></span> <span class='ocrx_word' id='word_1_198' title='bbox 465 4041 599 4118; x_wconf 79' lang='lat' dir='ltr'><strong>ciuitas</strong></span> <span class='ocrx_word' id='word_1_199' title='bbox 628 4041 855 4139; x_wconf 88' lang='lat' dir='ltr'><strong>Pestiensis,</strong></span> <span class='ocrx_word' id='word_1_200' title='bbox 884 4043 951 4120; x_wconf 91' lang='lat' dir='ltr'><strong>sed</strong></span> <span class='ocrx_word' id='word_1_201' title='bbox 978 4045 1018 4119; x_wconf 95' lang='lat' dir='ltr'><strong>in</strong></span> <span class='ocrx_word' id='word_1_202' title='bbox 1042 4043 1214 4119; x_wconf 86' lang='lat' dir='ltr'><strong>manibus</strong></span> <span class='ocrx_word' id='word_1_203' title='bbox 1240 4039 1335 4136; x_wconf 84' lang='lat' dir='ltr'><strong>Regi</strong></span> <span class='ocrx_word' id='word_1_204' title='bbox 1365 4039 1496 4118; x_wconf 84' lang='lat' dir='ltr'><strong>Ferdi·</strong></span> 
     </span>
     <span class='ocr_line' id='line_1_29' title="bbox 382 4169 1497 4269; baseline 0.001 -25"><span class='ocrx_word' id='word_1_205' title='bbox 382 4169 494 4244; x_wconf 88' lang='lat' dir='ltr'><strong>nandi</strong></span> <span class='ocrx_word' id='word_1_206' title='bbox 513 4179 731 4269; x_wconf 84' lang='lat' dir='ltr'><strong>presentare</strong></span> <span class='ocrx_word' id='word_1_207' title='bbox 751 4173 970 4249; x_wconf 88' lang='lat' dir='ltr'><strong>volnissent.</strong></span> <span class='ocrx_word' id='word_1_208' title='bbox 1003 4171 1077 4248; x_wconf 86' lang='lat' dir='ltr'><strong>Sed</strong></span> <span class='ocrx_word' id='word_1_209' title='bbox 1096 4195 1168 4248; x_wconf 92' lang='lat' dir='ltr'><strong>non</strong></span> <span class='ocrx_word' id='word_1_210' title='bbox 1187 4175 1386 4269; x_wconf 87' lang='lat' dir='ltr'><strong>potuerunt</strong></span> <span class='ocrx_word' id='word_1_211' title='bbox 1404 4190 1497 4268; x_wconf 81' lang='lat' dir='ltr'><strong>psu-</strong></span> 
     </span>
     <span class='ocr_line' id='line_1_30' title="bbox 382 4295 1494 4397; baseline 0 -25"><span class='ocrx_word' id='word_1_212' title='bbox 382 4319 514 4394; x_wconf 88' lang='lat' dir='ltr'><strong>peres;</strong></span> <span class='ocrx_word' id='word_1_213' title='bbox 534 4299 623 4394; x_wconf 88' lang='lat' dir='ltr'><strong>quio</strong></span> <span class='ocrx_word' id='word_1_214' title='bbox 641 4299 675 4374; x_wconf 91' lang='lat' dir='ltr'><strong>si</strong></span> <span class='ocrx_word' id='word_1_215' title='bbox 695 4298 786 4375; x_wconf 91' lang='lat' dir='ltr'><strong>adeo</strong></span> <span class='ocrx_word' id='word_1_216' title='bbox 805 4301 1067 4397; x_wconf 87' lang='lat' dir='ltr'><strong>qnesiuissent‚</strong></span> <span class='ocrx_word' id='word_1_217' title='bbox 1088 4298 1297 4397; x_wconf 88' lang='lat' dir='ltr'><strong>potuissent</strong></span> <span class='ocrx_word' id='word_1_218' title='bbox 1314 4295 1494 4394; x_wconf 78' lang='lat' dir='ltr'><strong>optinere,</strong></span> 
     </span>
     <span class='ocr_line' id='line_1_31' title="bbox 384 4421 1496 4524; baseline 0 -26"><span class='ocrx_word' id='word_1_219' title='bbox 384 4423 472 4521; x_wconf 81' lang='lat' dir='ltr'><strong>qnia</strong></span> <span class='ocrx_word' id='word_1_220' title='bbox 499 4427 661 4524; x_wconf 89' lang='lat' dir='ltr'><strong>superba</strong></span> <span class='ocrx_word' id='word_1_221' title='bbox 688 4427 861 4504; x_wconf 88' lang='lat' dir='ltr'><strong>elamitas</strong></span> <span class='ocrx_word' id='word_1_222' title='bbox 880 4429 952 4505; x_wconf 91' lang='lat' dir='ltr'><strong>sibi</strong></span> <span class='ocrx_word' id='word_1_223' title='bbox 971 4427 1044 4504; x_wconf 87' lang='lat' dir='ltr'><strong>soli</strong></span> <span class='ocrx_word' id='word_1_224' title='bbox 1063 4427 1217 4502; x_wconf 90' lang='lat' dir='ltr'><strong>volebat</strong></span> <span class='ocrx_word' id='word_1_225' title='bbox 1234 4423 1410 4522; x_wconf 84' lang='lat' dir='ltr'><strong>vsurpari</strong></span> <span class='ocrx_word' id='word_1_226' title='bbox 1428 4421 1496 4498; x_wconf 92' lang='lat' dir='ltr'><strong>ho-</strong></span> 
     </span>
     <span class='ocr_line' id='line_1_32' title="bbox 384 4547 1497 4652; baseline -0.003 -26"><span class='ocrx_word' id='word_1_227' title='bbox 384 4573 521 4628; x_wconf 87' lang='lat' dir='ltr'><strong>norem.</strong></span> <span class='ocrx_word' id='word_1_228' title='bbox 560 4553 611 4628; x_wconf 89' lang='lat' dir='ltr'><strong>Et</strong></span> <span class='ocrx_word' id='word_1_229' title='bbox 637 4553 700 4629; x_wconf 89' lang='lat' dir='ltr'><strong>hie</strong></span> <span class='ocrx_word' id='word_1_230' title='bbox 728 4555 807 4652; x_wconf 90' lang='lat' dir='ltr'><strong>jam</strong></span> <span class='ocrx_word' id='word_1_231' title='bbox 844 4555 1035 4631; x_wconf 80' lang='lat' dir='ltr'><strong>sentencia</strong></span> <span class='ocrx_word' id='word_1_232' title='bbox 1071 4551 1269 4628; x_wconf 80' lang='lat' dir='ltr'><strong>conveniet</strong></span> <span class='ocrx_word' id='word_1_233' title='bbox 1296 4549 1397 4625; x_wconf 81' lang='lat' dir='ltr'><strong>diota</strong></span> <span class='ocrx_word' id='word_1_234' title='bbox 1424 4547 1497 4624; x_wconf 89' lang='lat' dir='ltr'><strong>Dei</strong></span> 
     </span>
     <span class='ocr_line' id='line_1_33' title="bbox 384 4675 1491 4776; baseline -0.005 -20"><span class='ocrx_word' id='word_1_235' title='bbox 384 4677 657 4774; x_wconf 85' lang='lat' dir='ltr'><strong>omnipotentis,</strong></span> <span class='ocrx_word' id='word_1_236' title='bbox 678 4681 740 4756; x_wconf 86' lang='lat' dir='ltr'><strong>vbi</strong></span> <span class='ocrx_word' id='word_1_237' title='bbox 761 4681 835 4755; x_wconf 88' lang='lat' dir='ltr'><strong>ait:</strong></span> <span class='ocrx_word' id='word_1_238' title='bbox 850 4679 1021 4776; x_wconf 84' lang='lat' dir='ltr'><strong>„Nemini</strong></span> <span class='ocrx_word' id='word_1_239' title='bbox 1041 4679 1137 4755; x_wconf 90' lang='lat' dir='ltr'><strong>dabo</strong></span> <span class='ocrx_word' id='word_1_240' title='bbox 1156 4677 1315 4774; x_wconf 80' lang='lat' dir='ltr'><strong>gloriam</strong></span> <span class='ocrx_word' id='word_1_241' title='bbox 1335 4675 1491 4752; x_wconf 85' lang='lat' dir='ltr'><strong>meam.“</strong></span> 
     </span>
    </p>
   </div>
   <div class='ocr_carea' id='block_1_3' title="bbox 240 4801 1495 4906">
    <p class='ocr_par' dir='ltr' id='par_1_4' title="bbox 240 4801 1495 4906">
     <span class='ocr_line' id='line_1_34' title="bbox 240 4801 1495 4906; baseline -0.002 -26"><span class='ocrx_word' id='word_1_242' title='bbox 240 4801 245 4819; x_wconf 89' lang='grc'><em>’</em></span> <span class='ocrx_word' id='word_1_243' title='bbox 385 4805 436 4880; x_wconf 88' lang='lat' dir='ltr'><strong>Et</strong></span> <span class='ocrx_word' id='word_1_244' title='bbox 453 4805 493 4878; x_wconf 93' lang='lat' dir='ltr'><strong>in</strong></span> <span class='ocrx_word' id='word_1_245' title='bbox 510 4805 641 4901; x_wconf 90' lang='lat' dir='ltr'><strong>primo,</strong></span> <span class='ocrx_word' id='word_1_246' title='bbox 663 4807 724 4902; x_wconf 90' lang='lat' dir='ltr'><strong>qui</strong></span> <span class='ocrx_word' id='word_1_247' title='bbox 744 4808 894 4883; x_wconf 89' lang='lat' dir='ltr'><strong>volebat</strong></span> <span class='ocrx_word' id='word_1_248' title='bbox 903 4831 986 4883; x_wconf 89' lang='lat' dir='ltr'><strong>sese</strong></span> <span class='ocrx_word' id='word_1_249' title='bbox 1006 4805 1249 4906; x_wconf 83' lang='lat' dir='ltr'><strong>appropriare</strong></span> <span class='ocrx_word' id='word_1_250' title='bbox 1268 4804 1495 4880; x_wconf 87' lang='lat' dir='ltr'><strong>oreaoionem</strong></span> 
     </span>
    </p>
   </div>
   <div class='ocr_carea' id='block_1_4' title="bbox 0 0 1634 5226">
    <p class='ocr_par' dir='ltr' id='par_1_5' title="bbox 0 0 1634 5226">
     <span class='ocr_line' id='line_1_35' title="bbox 0 0 1634 5226; baseline 0 0"><span class='ocrx_word' id='word_1_251' title='bbox 0 0 1634 5226; x_wconf 95' lang='lat' dir='ltr'><strong> </strong></span> 
     </span>
    </p>
   </div>
  </div>
 </body>
</html>
