3238 5228
410 427 488 506 258

411 631 514 704 ualet
540 629 611 704 iste
648 626 747 724 lapis
775 633 921 700 eentum
946 647 1030 700 oum
1058 623 1177 700 medio
1205 623 1308 698 milia
1335 623 1530 709 markam,

411 754 558 832 dicebat
577 749 707 828 Cesar.

519 877 627 971 Quor
658 878 732 952 iam
762 879 835 954 ista
863 877 1047 976 parabola
1085 877 1316 952 decrevisset
1351 875 1532 966 intense,

411 1029 538 1086 omnes
565 1005 711 1081 Tereos
743 1011 781 1079 et
808 965 1012 1100 liungaros
1041 1000 1161 1079 Oesar
1180 1010 1219 1078 et
1235 1001 1320 1078 Rex
1347 1009 1458 1077 extra
1484 1000 1532 1075 de

411 1131 601 1232 papilione
629 1129 781 1208 Cesaris
799 1129 1106 1224 lieentiauerant‚
1135 1135 1276 1204 tantum
1306 1129 1417 1204 ambo
1445 1149 1531 1226 per-

412 1265 629 1338 manserunt
657 1267 695 1333 et
722 1280 833 1333 unam
870 1257 1003 1332 horam
1037 1254 1279 1331 tardauerant
1305 1255 1344 1328 in
1371 1255 1534 1330 tentorio

408 1411 479 1468 suo
509 1383 673 1462 (laseris.
703 1384 755 1458 Et
773 1383 950 1482 posthae
969 1381 1087 1460 Cesar
1110 1379 1253 1478 Regem
1272 1380 1318 1455 de
1337 1402 1406 1456 suo
1423 1382 1532 1479 papi·

411 1516 510 1593 lione
530 1521 637 1588 extra
656 1510 760 1586 duxit
776 1533 845 1608 per
863 1531 996 1585 manus
1014 1510 1215 1604 ambabus,
1237 1514 1274 1582 et
1292 1507 1348 1583 sio
1367 1507 1416 1582 ab
1433 1507 1532 1582 inui-

412 1663 491 1724 oem
510 1637 698 1734 segregati
717 1637 875 1712 fuerant.
896 1635 946 1710 Et
963 1635 1048 1711 Rer
1056 1634 1083 1712 J
1084 1657 1226 1710 oannes
1240 1632 1409 1711 aseendit
1416 1657 1535 1732 snper

413 1787 559 1865 eqrrum.

519 1889 642 1984 Quum
661 1891 816 1965 vidisset
825 1887 944 1966 Oesar
954 1910 1088 1984 equum
1098 1897 1136 1962 et
1144 1888 1387 1964 nominabant
1396 1909 1534 1984 equum

414 2019 580 2120 Kopott‚
607 2017 700 2094 dixit
719 2015 840 2094 (lesan
857 2015 954 2111 Regi
975 2043 983 2090 :
1009 2015 1167 2111 „Frater
1185 2017 1237 2091 mi
1256 2037 1361 2108 oare,
1381 2013 1444 2091 vbi
1463 2038 1533 2113 po-

410 2144 514 2226 tuisti
531 2145 645 2221 talem
663 2165 798 2242 equum
815 2141 994 2240 reperire,
1014 2141 1306 2238 mihinnnquam
1323 2137 1528 2238 possunt?“

413 2273 479 2354 Ait
506 2270 618 2350 Rex:
653 2269 722 2368 „In
749 2269 947 2366 Hungaria
975 2270 1069 2346 satis
1096 2269 1371 2368 reperiuntur.“
1402 2267 1452 2342 Et
1480 2267 1533 2342 ait

413 2395 534 2476 Cesar
554 2426 562 2472 :
587 2397 708 2494 „Vide
727 2418 967 2493 equosmeos,
989 2395 1139 2492 quodsi
1157 2394 1533 2492 RegiestatisVestre

412 2523 572 2620 plaeet.“
604 2521 689 2598 Rex
718 2520 908 2596 descendit
936 2520 982 2596 de
1010 2543 1128 2617 equo,
1158 2527 1196 2595 et
1221 2520 1369 2596 inerunt
1386 2518 1437 2594 ad
1453 2543 1533 2594 ma-

411 2672 525 2748 gnum
544 2649 613 2728 sub
631 2647 822 2746 papilione
850 2648 1039 2725 stabulum
1066 2669 1245 2744 equorum
1264 2653 1357 2722 erat.
1377 2645 1429 2721 Et
1446 2669 1533 2744 per-

413 2777 643 2855 lustrauerat
662 2774 744 2850 Rex
773 2796 890 2870 equos
918 2772 1091 2868 Cosanis,
1112 2780 1149 2848 et
1168 2772 1341 2849 dicebant
1359 2771 1536 2869 Hungari

412 2903 509 2980 inter
535 2925 606 2978 se:
632 2901 764 2996 ·„Vere
791 2923 866 2976 non
894 2899 1008 2975 hebet
1036 2922 1151 2996 equos
1170 2895 1276 2999 (tam)
1302 2897 1536 2974 excellentes

414 3025 534 3106 Cesar
552 3027 762 3104 Turearum
781 3021 907 3126 (siout)
927 3023 1009 3101 Rex
1028 3025 1235 3102 Joannes.“

468 3201 472 3208 -
519 3153 571 3229 Et
601 3151 683 3227 Rex
712 3175 796 3228 oum
824 3151 965 3228 (lesere
995 3152 1201 3228 Tmearum
1229 3151 1338 3226 licen.
1368 3149 1440 3223 ivit
1468 3175 1536 3249 per

412 3283 517 3358 illam
535 3279 652 3374 uiam,
672 3303 740 3377 per
759 3301 870 3375 quam
888 3278 1104 3355 intrauerat.

519 3405 569 3482 Et
587 3404 722 3479 vadum
741 3403 872 3480 habuit
891 3411 976 3478 ante
996 3403 1079 3478 Pax
1098 3403 1198 3478 vltra
1217 3403 1363 3477 Pataui.
1383 3402 1536 3479 Extnno

412 3534 504 3612 belli
523 3533 652 3609 duetor
672 3530 899 3606 Benedictus
917 3529 1040 3606 Zokol
1059 3537 1195 3604 extumo
1213 3529 1328 3606 mouit
1346 3539 1536 3606 castorem

414 3661 535 3758 Regia
554 3657 788 3755 Majestatis,
810 3663 847 3732 et
865 3664 951 3731 tuno
971 3656 1084 3754 inple
1103 3653 1159 3756 ru,
1175 3657 1278 3732 niees
1297 3678 1430 3732 ameno
1451 3658 1539 3733 loeo

413 3791 511 3864 inter
530 3785 663 3862 vineas
682 3790 857 3860 ortorum.
877 3783 927 3858 Et
944 3783 1014 3860 hoo
1034 3781 1215 3858 discursio
1236 3806 1302 3860 ern
1320 3785 1361 3858 in
1388 3785 1539 3861 ootauis

263 3977 266 3984 .
414 3911 699 4009 Assumpeionis
735 3909 857 3986 Maris
896 3910 1017 3985 adhue
1054 3933 1152 3984 anno
1193 3905 1296 3984 1529
1324 3909 1411 3986 dum
1441 3914 1537 3986 scri-

412 4041 563 4116 bebant.

520 4165 602 4262 Ego
622 4187 753 4263 nempe
783 4162 949 4238 videram
977 4163 1158 4239 visionem
1175 4162 1216 4238 in
1233 4165 1403 4260 profesto
1431 4163 1536 4242 Lau-

414 4293 531 4370 renoii
559 4290 724 4368 martiris
750 4289 836 4367 dum
864 4291 1054 4367 fueramus
1072 4291 1111 4364 in
1132 4289 1283 4366 Borirok
1310 4291 1417 4366 iuxta
1434 4289 1537 4370 Ister

413 4420 562 4516 quando
581 4420 734 4496 orabam
763 4418 1016 4516 vespertinam
1036 4441 1081 4494 ao
1099 4415 1269 4513 vigiliam
1289 4423 1535 4496 mortuorum.

414 4543 464 4618 Et
482 4543 635 4624 Cosanis
654 4544 864 4621 Turearum
882 4551 1007 4620 castor
1025 4549 1107 4620 erat
1124 4544 1284 4620 reetead
1302 4567 1371 4620 uos
1389 4567 1437 4620 ex
1457 4546 1535 4622 alia

414 4679 522 4770 parte
541 4669 727 4764 Danubii;
757 4679 794 4746 et
822 4676 904 4746 erat
931 4670 1056 4746 olorus
1083 4667 1171 4745 dies.
1202 4669 1254 4745 Et
1272 4691 1386 4770 snper
1406 4675 1535 4748 llabor
