3226 5220
1113 482 1191 561 201

192 685 238 760 Et
249 687 328 783 jam
347 683 430 760 Rex
449 683 619 762 deannes
636 681 683 758 de
700 681 882 760 Thaenad
900 683 949 758 ad
966 683 1190 760 Debreehen

98 811 303 908 equitasset3
331 818 369 886 et
388 834 408 885 e
427 817 558 886 eontra
585 809 845 886 Ferdinandus
869 808 908 885 in
927 809 1034 886 Buda
1053 809 1192 886 reside-

97 939 159 1012 bat.
177 937 272 1014 Dum
290 959 362 1036 ego
381 938 421 1013 in
440 936 626 1014 Caesonia
643 935 854 1014 residebam
872 939 1034 1015 clamare
1053 939 1195 1014 fenerat

24 1047 26 1120 ὲ
98 1064 243 1142 tlichael
272 1065 438 1160 Kalen,
468 1064 617 1162 quodsi
636 1064 719 1160 quis
747 1071 859 1161 eaput
885 1062 1046 1142 Joannis
1074 1063 1192 1160 Regis

24 1231 25 1276 ι
97 1201 288 1292 amputem,
308 1201 478 1292 portaret
496 1192 595 1292 Regi
613 1192 871 1288 Ferdinando,
902 1199 1038 1268 extune
1065 1193 1192 1269 decem

24 1295 25 1360 d
96 1321 186 1396 milia
203 1319 362 1396 florenos
381 1320 489 1396 daret
507 1319 552 1394 ei.
581 1319 665 1416 Ego
684 1319 755 1395 hee
772 1315 921 1416 audiui,
942 1321 1092 1417 quodsi
1110 1319 1194 1418 quis

24 1459 26 1526 t
96 1455 194 1546 eaput
211 1448 306 1546 Regi
325 1448 557 1526 Ferdinandi
580 1456 768 1548 portaret,
798 1449 967 1526 Joannes
986 1450 1071 1525 Rex
1089 1447 1195 1526 daret

96 1575 123 1648 si
138 1576 266 1673 viginti
294 1576 401 1652 milia
428 1599 587 1654 mareas.
618 1575 702 1652 Hee
730 1598 813 1652 eum
840 1577 1033 1654 audissent
1060 1576 1105 1650 de
1130 1600 1193 1653 ore

24 1701 26 1724 '
96 1703 165 1798 mei,
185 1711 384 1802 propterea
400 1704 579 1779 volebant
597 1726 656 1778 me
676 1726 906 1802 expugnare.
926 1704 1077 1780 Extune
1092 1703 1196 1778 venit

96 1851 177 1906 vnus
195 1828 369 1906 saeerdos
386 1851 548 1928 perseus
567 1828 714 1904 vicinus
724 1831 834 1926 juxte
843 1829 960 1924 Hune,
981 1829 1075 1904 dixit
1084 1827 1193 1904 mihi:

24 1995 25 2002 κ
100 1956 281 2052 1,1)ιιιιιὶιιι,
300 1961 341 2030 tu
361 1955 498 2032 venisti
517 1953 562 2030 de
582 1952 767 2031 Gassouia
784 1956 1006 2032 transeuntis
1025 1956 1192 2033 diebus.“

98 2081 192 2178 „Ego
217 2081 340 2158 veni.“
375 2081 541 2179 „Videas
567 2088 604 2156 te
632 2082 776 2180 ipsum,
806 2082 895 2179 qnia
923 2080 1196 2160 Oassouienses

96 2207 191 2283 valde
210 2209 356 2304 dolent,
385 2207 483 2305 quod
509 2210 655 2306 absque
674 2209 770 2285 seitu
790 2231 919 2286 eorum
936 2208 1087 2286 venisti.
1107 2210 1195 2288 Jam

95 2335 284 2412 tremefacti
311 2341 417 2429 sunt,
438 2334 536 2432 quod
555 2335 752 2412 audierunt
778 2343 941 2413 vestram
969 2337 1195 2414 dominacio·

96 2483 165 2535 nem
183 2461 231 2536 ad
249 2459 493 2537 Franciseum
512 2459 616 2536 Bodo
636 2460 714 2554 ire3
745 2469 782 2537 et
800 2463 960 2538 Paulum
979 2463 1095 2559 Nagh
1114 2483 1195 2536 eum

95 2587 242 2683 quinque
260 2585 516 2663 huzaronihus
547 2593 747 2662 erexerunt
773 2595 860 2686 post
885 2595 1050 2664 vestram
1078 2588 1196 2664 domi-

96 2713 284 2790 nacionem.
323 2712 427 2808 Ergo
455 2735 583 2788 euram
611 2713 750 2789 haheat
779 2721 906 2791 vestra
943 2713 1189 2791 dominaei0.“

96 2841 166 2936 Ego
185 2863 292 2916 mane
312 2840 502 2916 insurrexi
521 2841 561 2915 in
581 2839 640 2914 die
658 2840 820 2918 Joannis
838 2842 1109 2938 Euangeliste‚
1133 2865 1195 2916 eu·
1229 2936 1232 2942 .

24 2969 25 2972 ‘
96 2969 178 3042 curri
197 2967 245 3042 ad
263 2965 495 3065 Stephanum
514 2967 696 3046 Thomori
713 2969 753 3042 in
772 2967 970 3044 Boldukw.
991 2969 1042 3043 Et
1064 2968 1118 3044 ihi
1138 2991 1195 3042 me

24 3133 25 3178 ι
96 3103 336 3171 traetauerunt
352 3117 434 3170 eum
454 3095 615 3190 honore,
637 3103 674 3170 et
692 3097 744 3172 ihi
765 3097 1027 3172 sollenninaui.
1053 3097 1105 3171 Et
1122 3097 1193 3171 iste

98 3221 247 3298 Mathias
265 3221 388 3319 Devaj
410 3209 633 3318 capellanus
652 3230 733 3298 erat
752 3223 881 3298 eodem
900 3231 1067 3323 tempore
1097 3223 1197 3320 apud

97 3345 311 3446 Stephanum
331 3347 512 3423 Thomori
532 3349 571 3422 in
590 3347 797 3444 Boluokw3
817 3357 854 3426 et
880 3358 962 3426 erat
989 3351 1102 3426 valde
1129 3351 1192 3426 de·

24 3527 25 3544 ι
98 3481 190 3551 votus
209 3473 339 3550 infide
358 3481 488 3552 nostra
506 3473 677 3551 Oatoliea
697 3483 811 3572 reeta,
832 3476 895 3573 qui
906 3498 1004 3552 nune
1022 3485 1080 3554 est
1098 3501 1197 3556 sum·

97 3621 163 3676 mus
179 3599 434 3678 Lutterianns.

185 3727 341 3802 Interim
360 3729 462 3805 fama
485 3731 607 3826 venit,
637 3729 736 3827 quod
765 3729 991 3808 Franciseus
1010 3732 1114 3808 Bodo
1134 3733 1196 3807 de-

96 3851 205 3932 lussus
234 3859 335 3930 esset
362 3877 432 3952 per
458 3861 603 3953 partem
633 3853 912 3933 Germanicam.
952 3858 1061 3936 Vnus
1089 3859 1196 3936 miles

97 3987 162 4054 erat
178 3979 385 4076 Hungarus
405 3981 508 4056 etad
527 3980 759 4081 Stephanum
778 3983 958 4082 Thomorj
980 3984 1196 4062 diuertisset

97 4129 188 4184 newa
217 4109 252 4183 ei
280 4109 516 4207 parabolare.
556 4110 608 4184 Et
640 4119 722 4186 erat
749 4111 820 4186 hee
849 4111 1041 4188 eonflieeio
1069 4114 1108 4188 in
1138 4113 1196 4189 die

97 4231 253 4314 Siluestri
274 4236 392 4334 Pape.
423 4235 517 4313 Cum
536 4246 692 4314 venerat
721 4237 947 4316 Franciseus
966 4263 1048 4315 eum
1075 4248 1197 4317 turma

95 4383 150 4434 sua
165 4361 212 4438 ad
231 4387 402 4462 eampum
421 4365 622 4462 herentes,
644 4375 682 4442 et
700 4366 752 4442 ihi
772 4374 897 4443 eastra
916 4375 1074 4444 metatus
1094 4376 1195 4457 erat3

96 4500 125 4562 et
138 4491 186 4566 ihi
207 4487 436 4568 Germanica
453 4515 544 4590 pars
563 4491 625 4568 diu
645 4493 850 4588 audissent,
870 4493 968 4590 quod
987 4494 1032 4570 de
1052 4495 1196 4571 Debre·

97 4611 174 4690 chen
203 4623 325 4693 motus
359 4617 492 4695 fuisset
519 4641 602 4694 eum
630 4619 815 4716 equitibus
843 4629 950 4697 eento
982 4629 1019 4699 et
1045 4623 1192 4722 pedites

98 4751 275 4839 museum
295 4751 333 4820 et
350 4745 460 4821 ualde
479 4768 568 4844 pars
588 4744 816 4824 Germanica
833 4751 1017 4827 tremebat
1035 4749 1080 4826 de
1100 4750 1195 4852 ipsu.
