3226 5220
1082 511 1161 594 205

86 733 138 788 non
153 709 273 808 babet;
302 710 424 810 quiin
454 709 602 788 minimo
632 720 689 787 est
715 711 859 810 fidelis,
888 713 926 788 in
955 715 1088 812 majori
1107 723 1165 792 est

83 839 207 918 idelis.“
232 839 342 938 „Nob
361 840 448 914 volo
468 839 561 914 mori
575 842 686 937 juxta
705 839 814 914 fidem
827 843 984 916 meam.“
1008 841 1162 919 Retron-

80 989 139 1040 sun
163 967 226 1054 init
252 988 322 1064 per
350 987 477 1061 suam,
507 965 596 1062 quia
620 967 698 1062 jam
727 967 964 1043 eousoienoia
992 990 1062 1044 sua
1084 972 1163 1066 jam

79 1101 202 1168 nortem
220 1093 376 1168 timebat
394 1097 571 1166 eternam.
592 1089 702 1184 Quod
720 1115 910 1190 nunquam
927 1095 1106 1172 intrasset
1114 1095 1162 1170 ad

79 1221 221 1296 villulam
249 1220 348 1294 vnde
368 1196 597 1296 exalauerat.
628 1219 717 1294 Mox
741 1222 885 1318 eapien.
915 1245 1000 1297 eum
1019 1221 1067 1298 ad
1085 1247 1161 1298 mo-

78 1347 141 1424 dun
156 1346 361 1424 maleficum
388 1347 595 1442 hominem3
624 1351 661 1420 et
679 1367 753 1421 vua
777 1348 836 1423 die
856 1350 904 1424 ad
923 1349 1040 1426 Pesth
1059 1351 1161 1446 equi·

77 1482 220 1550 tauemnt
238 1496 323 1550 eum
340 1472 528 1571 biumpho
548 1495 702 1548 summo.

159 1601 275 1676 Fama
294 1601 437 1697 Regem
465 1599 740 1674 Ferdinandnm
769 1601 1037 1699 apprehendit,
1066 1601 1163 1699 quod

81 1726 295 1803 lranoisoum
315 1725 419 1801 Bodo
448 1731 595 1823 captum
615 1724 792 1800 ducerent
808 1749 876 1824 per
894 1749 1012 1804 naues
1031 1727 1163 1802 adver-

78 1875 123 1928 sos
138 1853 287 1928 Budam.
309 1852 428 1928 Totus
447 1853 569 1946 ulgus
588 1851 753 1927 Pestieu.
774 1860 812 1926 et
830 1851 971 1929 Buden.
983 1855 1164 1950 lugebant

78 1979 110 2053 ad
123 1980 315 2055 videndum
333 1978 576 2054 Franoisoum
602 1977 778 2075 militem,
809 2001 920 2076 quum
937 1979 1163 2079 triumphum

79 2105 236 2182 ducerent
267 2105 426 2198 Quidam
455 2128 502 2179 ex
528 2105 679 2202 populis
706 2105 906 2181 dicebant:
931 2106 1057 2203 „Bene
1076 2107 1166 2182 leoit

79 2232 158 2311 lleus
175 2259 259 2312 eum
278 2259 335 2310 eo.
365 2234 576 2330 Antequam
605 2235 845 2330 expugnabat
872 2234 1039 2331 Turoos3
1068 2257 1164 2310 nono

77 2361 195 2454 quidem
242 2361 517 2438 Christianos.“
567 2358 677 2436 Alius
722 2366 846 2436 autem
882 2361 952 2436 beo
989 2362 1163 2438 dicebat:

81 2486 199 2578 ,Quam
225 2488 512 2566 homatissimns
539 2486 669 2582 miles,
705 2486 787 2562 dira
814 2496 930 2562 morte
958 2487 1004 2564 de
1031 2487 1165 2564 mundo

78 2617 255 2692 [relabitss
290 2617 341 2691 Et
359 2614 404 2690 de
424 2614 531 2690 Buda
557 2620 690 2712 postea
717 2614 972 2692 destinauerat
1000 2613 1048 2690 ad
1071 2613 1164 2690 stri-

77 2745 202 2833 goniam
230 2745 419 2840 vinetum,
440 2751 477 2818 et
495 2765 579 2818 eum
598 2767 642 2818 eo
662 2744 769 2841 quasi
787 2767 855 2842 pro
884 2744 1024 2842 spacio.
1054 2741 1165 2819 Oum-

77 2891 129 2962 que
145 2872 189 2946 ad
209 2870 437 2968 Strigoniam
458 2871 692 2966 advenisset,
723 2895 796 2947 non
816 2872 970 2946 multum
989 2870 1162 2962 tardauit,

76 2997 126 3071 sed
148 2998 366 3076 festinanter
394 2999 511 3074 currit
536 3020 669 3075 versus
703 2999 888 3076 Viennam
917 3021 1000 3075 oum
1027 2999 1165 3074 vineto.

78 3121 114 3195 Et
136 3127 334 3202 Valentino
363 3149 486 3201 areem
525 3125 686 3200 Thatam
725 3148 800 3200 non
828 3125 928 3200 dedit
956 3126 1004 3201 ad
1036 3149 1167 3201 manus

77 3271 165 3346 suas,
184 3259 221 3327 et
239 3253 321 3351 ipse
350 3255 526 3329 confusus
554 3252 743 3326 remansit.
773 3253 882 3328 Vnus
910 3253 1035 3328 fatuus
1054 3252 1167 3326 alium

77 3373 195 3452 latrum
232 3378 403 3476 decipiet.
443 3380 494 3454 Et
522 3377 782 3455 Ferdinaudus
807 3378 891 3455 Rex
919 3379 974 3456 sie
1001 3379 1166 3454 dioebat:
1194 3399 1197 3408 ¹

80 3507 202 3580 „eleut
231 3511 334 3583 ebeth
364 3513 564 3583 oraretotol·
580 3507 617 3597 ,·“
658 3505 697 3582 id
724 3515 781 3584 est
808 3530 937 3582 canem
966 3529 1048 3583 eum
1076 3527 1168 3580 eane

79 3629 223 3707 nordere
236 3632 386 3708 faciam.

165 3759 213 3832 Et
230 3759 270 3833 in
289 3759 439 3836 Vienna
457 3759 569 3854 longo
589 3781 769 3834 annorum
797 3762 993 3836 tenebatur
1020 3759 1058 3834 in
1086 3783 1165 3835 aar·

81 3901 169 3979 rere,
187 3887 225 3961 in
244 3909 359 3986 specu
378 3885 561 3962 interdum
588 3887 674 3984 plus
693 3909 804 3981 quam
821 3887 941 3963 tribus
964 3887 1083 3963 annis.
1103 3883 1170 3961 Se·

20 4107 21 4120 ³
81 4009 209 4100 pissime
247 4013 442 4090 absolutus
477 4011 628 4108 fuisset,
667 4011 798 4108 quodsi
825 4011 1088 4111 spopondisset
1123 4011 1170 4085 ad
1263 4019 1265 4022 ’

20 4127 21 4160 ¹
81 4134 187 4236 fidem,
215 4145 257 4214 vt
283 4141 444 4216 bellaret
471 4147 601 4215 eontra
628 4137 813 4215 Joannem
841 4139 998 4235 Regem.
1027 4141 1078 4215 Et
1103 4162 1171 4236 per

81 4285 215 4363 magnos
233 4269 402 4344 dominos
421 4266 503 4342 Rex
523 4265 783 4343 Ferdinandus
801 4274 1020 4363 rogauerat‚
1041 4275 1082 4341 vt
1098 4266 1171 4342 sibi

82 4395 216 4470 minuet
233 4393 394 4471 fideliter
410 4403 588 4491 tanquam
620 4393 646 4470 J
649 4393 760 4469 oanni
788 4391 898 4489 Regi.
928 4391 1003 4468 Sed
1030 4415 1178 4489 nequa-⁴

81 4540 170 4612 quam
190 4501 330 4619 volnit3
350 4523 418 4600 sed
436 4545 584 4622 semper
603 4523 749 4621 ajebat:
774 4522 882 4620 „Ego
912 4519 1033 4598 habeo
1062 4520 1171 4597 fidem

20 4695 21 4702 κ
82 4668 179 4726 nean
199 4649 298 4750 apud
315 4649 343 4726 J
345 4639 504 4726 oannem
523 4650 688 4746 Regem,
708 4671 942 4746 nequaquam
973 4647 1061 4724 volo
1091 4649 1171 4724 fore
