3260 5226
676 664 701 736 J
702 665 842 757 egyaet
859 680 884 732 a
902 659 1026 734 (lodex
1043 667 1176 754 vogen.

537 771 734 850 (Venatkonik
764 795 782 834 a
808 777 890 836 XVI.
923 775 955 833 ds
982 777 1078 836 XVII.
1111 775 1308 848 feieaetekre).

474 879 572 988 lllira
590 933 672 1032 pes,
702 908 812 1008 posth
840 906 1069 1007 propagnies
1087 906 1227 984 Joanni
1247 905 1387 984 Coruin

366 1035 642 1118 terminacionis
660 1038 700 1112 in
717 1043 798 1112 tota
815 1035 1016 1131 Hungaria
1030 1033 1299 1111 nonviribatnr
1317 1039 1411 1110 cont

368 1151 471 1245 recte
488 1171 644 1265 peccata
661 1185 731 1240 sua
749 1161 945 1237 Emericus
964 1159 1138 1255 Themi,
1167 1183 1237 1236 nec
1264 1159 1438 1237 Ambrost

366 1290 530 1368 Sarkan.
551 1283 725 1366 O'rdinati
744 1291 829 1362 sunt
845 1284 893 1360 ad
902 1284 1061 1360 Romam
1072 1285 1313 1383 peregrinari
1331 1295 1465 1385 propte

363 1413 639 1512 indulgenciam
657 1412 924 1505 confessionis3
945 1417 983 1486 et
1001 1411 1492 1510 cumqueadBeatissimnm

365 1543 509 1641 Papam
537 1539 800 1615 convenissent
827 1559 909 1613 enm
938 1559 1076 1633 magno
1096 1536 1213 1633 dono,
1235 1561 1318 1614 eum
1338 1561 1491 1614 merne-

364 1674 471 1763 runt,
492 1673 530 1742 et
549 1664 817 1742 sanctissimus
836 1663 965 1739 eodem
992 1670 1159 1762 tempore
1179 1665 1282 1762 ipsos
1299 1665 1400 1748 laute
1417 1667 1490 1741 ob·
1623 1651 1624 1656 Ν

364 1793 544 1872 seruauit.
565 1793 657 1868 Post
674 1815 787 1867 vnam
806 1789 1052 1889 septimanam
1072 1788 1356 1867 Sanctissimum
1373 1814 1490 1888 roga·

364 1926 519 2016 nerunt,
540 1925 583 1993 vt
609 1941 674 1994 eos
703 1915 882 1992 exaudire
902 1915 1094 2012 dignetnr3
1115 1913 1382 1994 Sanctissimae
1399 1941 1489 2016 pre·
1623 1983 1624 1988 ,

365 2049 548 2147 cepisset,
569 2053 610 2121 vt
628 2045 683 2122 eis
710 2045 960 2122 confessorem
989 2043 1216 2119 ordinarent.
1245 2041 1309 2120 Illi
1337 2045 1489 2142 quidem

364 2176 579 2270 noluerunt,
599 2171 830 2250 solummodo
849 2170 1091 2270 peculiariter
1100 2170 1149 2246 ad
1158 2192 1264 2246 suam
1283 2194 1488 2270 personam

364 2301 506 2378 vellent
524 2299 708 2378 confiteri.
728 2297 996 2374 Sanctissimns
1014 2298 1089 2372 ait:
1105 2295 1238 2395 „Quod
1252 2297 1286 2374 si
1303 2321 1378 2374 non
1395 2299 1488 2375 vltis

365 2429 479 2505 alium
497 2435 624 2527 preter
643 2426 737 2503 me.“
769 2427 877 2527 Papa
905 2425 1068 2503 secundo
1096 2425 1156 2502 die
1180 2433 1417 2526 preparatae
1436 2426 1487 2502 ad

365 2553 601 2650 audiendum,
622 2553 715 2629 etin
734 2552 899 2652 pretorio
910 2552 1113 2630 suosedem
1132 2551 1386 2651 pontificalem
1405 2560 1483 2629 sta·

365 2689 471 2757 tuere
482 2681 664 2782 precepit.
684 2679 738 2755 Et
754 2679 895 2756 resedit
917 2678 991 2776 ibi,
1020 2677 1273 2756 confidebatur
1291 2679 1488 2758 Emericus

366 2806 544 2903 Therek,
574 2803 673 2905 qnod
698 2805 739 2880 in
765 2805 894 2882 multis
922 2804 1041 2881 modis
1067 2807 1241 2902 perjurus
1260 2805 1411 2900 fnisset,
1439 2829 1487 2882 ac

367 2932 550 3030 quomodo
587 2930 875 3008 exterminasset
911 2928 1148 3026 genelodiam
1185 2929 1330 3006 Mathie
1365 2929 1485 3028 Regis

366 3057 525 3138 Coruini
543 3081 613 3158 per
630 3056 979 3134 intoxioaeionesde
990 3055 1161 3134 manibus
1179 3058 1354 3156 propriis,
1375 3057 1485 3134 etsie

286 3244 290 3253 .
363 3191 584 3285 vsnrpasset
602 3184 879 3283 possessionem
890 3183 1030 3260 domini
1049 3183 1109 3259 sui
1124 3183 1290 3274 ,loannis
1308 3183 1483 3278 Coruini3

363 3318 401 3390 et
419 3310 475 3388 sic
492 3311 538 3386 de
558 3311 659 3388 aliis.
681 3308 804 3402 Quum
810 3313 890 3409 J'am
900 3309 1119 3387 detinuisset
1137 3311 1422 3405 confessionem,
1444 3317 1484 3386 vt

363 3461 432 3539 pro
451 3437 575 3514 anime
594 3437 711 3536 ipsius
739 3436 878 3513 domini
896 3437 955 3514 sui
970 3457 1090 3512 vnum
1113 3438 1315 3513 claustrum
1334 3435 1483 3514 edifica-

362 3571 440 3662 ret,
460 3571 498 3641 et
514 3563 714 3661 religiosos
733 3563 934 3640 ordinaret.
955 3565 1006 3640 Et
1024 3565 1121 3640 alter
1142 3563 1240 3642 latro
1259 3563 1481 3642 Ambrosius

363 3691 419 3768 sic
437 3691 483 3767 dc
503 3688 699 3768 homicidio
718 3689 821 3766 etde
840 3691 940 3767 aliis.
971 3691 1022 3766 Et
1039 3699 1223 3766 venerunt
1251 3691 1300 3766 ad
1323 3689 1480 3788 Hunga·

362 3817 478 3913 riam3
499 3824 537 3893 et
555 3840 641 3893 mox
650 3839 762 3892 vnum
782 3819 986 3896 claustrum
1005 3817 1183 3916 optimum
1201 3825 1239 3894 et
1257 3817 1479 3895 hornamen-

365 3945 415 4022 tis
436 3943 515 4021 suis
533 3945 628 4021 bene
646 3943 876 4021 hornanerat
895 3946 934 4021 in
952 3943 1431 4046 Fntaghextraciuitatem
1448 3955 1485 4021 et

368 4069 539 4168 captiuos
557 4067 703 4146 Turcas
722 4091 804 4144 cnm
824 4070 881 4147 eis
900 4072 971 4147 sub
989 4070 1124 4147 baculo
1144 4061 1419 4170 compellebant
1436 4073 1483 4148 ad

367 4195 619 4296 adjnnandum
637 4175 835 4295 lapicidiis.
865 4197 917 4272 Et
935 4219 1005 4295 ego
1025 4197 1111 4272 dum
1129 4196 1351 4274 scolasticus
1369 4222 1482 4294 eram,

364 4344 457 4420 sepe
475 4320 691 4398 fabulabam
709 4344 793 4396 oum
811 4322 866 4399 eis
884 4323 1073 4422 priuatim,
1092 4328 1134 4398 vt
1151 4345 1198 4398 ne
1216 4323 1380 4402 faetores
1398 4349 1482 4404 sen·

366 4449 494 4544 tinent,
515 4449 583 4525 sub
594 4447 947 4547 lingua'I'raciana3
967 4456 1005 4527 et
1014 4471 1160 4548 semper
1177 4449 1352 4527 dicebant
1370 4453 1481 4529 mihi:

368 4576 491 4672 „Ecce
509 4600 579 4654 nos
596 4578 831 4671 laboramus,
852 4578 920 4655 sed
936 4602 1005 4678 per
1023 4579 1172 4657 anoas
1190 4601 1335 4657 rursum
1353 4579 1479 4658 dirua-

367 4705 462 4776 tur.“
486 4701 535 4774 Et
553 4725 623 4796 ego
643 4702 699 4778 sic
717 4701 896 4799 dicebam,
916 4703 1025 4782 etsie
1044 4711 1113 4782 est.
