3238 5228
1176 557 1253 638 287

139 755 420 834 fundamentum
448 757 495 834 ad
523 757 722 854 sexaginta
758 780 922 858 passum.
961 756 1065 833 Inter
1102 766 1256 836 ootauas
1338 735 1341 740 ⁵

141 881 317 960 Omnium
337 883 557 962 Sanctorum
586 885 679 960 feria
697 892 804 962 sexta
823 883 981 960 ducenta
1000 885 1257 980 sagitaueraut

141 1010 188 1084 de
206 1010 440 1102 bombardis,
461 1019 498 1086 et
516 1032 643 1086 omnes
662 1011 830 1087 olohulos
848 1011 1049 1108 portabant
1067 1008 1115 1084 ad
1134 1033 1257 1086 aroem

142 1135 387 1230 Regiestatis.

249 1261 370 1354 Quum
391 1286 461 1358 ego
480 1262 605 1338 audiui
623 1263 661 1337 in
682 1285 768 1338 aree
788 1268 873 1361 post
890 1260 1106 1360 prandium,
1130 1268 1168 1336 et
1186 1283 1257 1358 ego
1406 1261 1409 1270 ’

142 1388 379 1488 dispensator
407 1414 508 1468 eram
535 1415 604 1489 pro
634 1391 841 1489 capellanis
867 1390 916 1464 ad
934 1389 1177 1465 refeeoionem
1197 1412 1257 1466 eo·

142 1539 225 1591 rum
245 1540 370 1593 curam
389 1517 594 1614 habebam,
625 1526 662 1592 et
680 1519 719 1592 in
737 1523 843 1594 sexta
861 1515 958 1592 feria
976 1539 1100 1592 eoram
1121 1513 1256 1612 Regie-

142 1643 253 1720 statis
272 1667 340 1742 pro
359 1645 535 1742 passione
554 1643 731 1720 humilias
750 1644 1042 1719 celebraueram.
1072 1641 1123 1717 Et
1141 1641 1255 1717 domi·

143 1790 232 1842 num
252 1768 490 1846 Benedictum
508 1772 709 1869 plebanum
739 1767 875 1844 Sancte
894 1767 1015 1842 Maria
1034 1766 1257 1864 Magdalene

143 1895 268 1994 reperi
297 1897 420 1994 ipsum
451 1897 639 1974 sedentem
663 1897 703 1971 in
730 1908 845 1970 morto
863 1916 977 1992 super
995 1915 1107 1968 vnum
1125 1915 1258 1968 nauem

144 2019 395 2118 Ferdiuandi,
420 2031 457 2097 et
476 2023 528 2099 ihi
548 2022 737 2122 prolixaui
764 2022 860 2096 iuter
888 2019 1073 2117 colloquia
1101 2041 1182 2095 eum
1201 2041 1256 2114 eo,

145 2154 184 2221 et
202 2146 311 2222 amisi
329 2170 413 2223 eum
432 2157 470 2224 et
488 2153 535 2224 ad
555 2149 735 2224 miraoula
755 2148 919 2237 ouourri,
941 2147 1003 2222 vbi
1023 2146 1149 2245 paries
1168 2146 1257 2221 ciui-

144 2271 235 2348 tatis
254 2271 443 2349 destrueta
471 2280 552 2348 erat
578 2295 695 2371 usque
715 2273 762 2347 ad
780 2272 1069 2348 fundamentum.
1098 2272 1149 2348 Et
1167 2271 1260 2347 dixit

146 2397 239 2472 mihi
258 2397 427 2476 dominus
445 2399 629 2497 plebanus
648 2397 873 2474 Benedictus
883 2398 1003 2473 Mario
1014 2397 1257 2494 Magdalene:

150 2523 335 2620 ,Domine
356 2523 520 2622 Georgi,
549 2550 622 2601 non
650 2547 736 2619 eas3
764 2525 853 2622 quia
876 2525 974 2599 male
993 2524 1185 2601 habebis.“
1209 2524 1259 2598 Et
1339 2595 1342 2602 ,
1454 2579 1461 2598 .

147 2651 319 2726 dominus
338 2651 518 2752 Pestieuy
538 2650 746 2747 Gregorius
774 2651 868 2726 dixit
885 2650 974 2725 mihi
995 2680 1003 2725 ε
1027 2651 1164 2748 ,Pater
1183 2648 1259 2726 Ge-

148 2777 250 2874 orgi,
280 2800 427 2876 semper
454 2778 618 2854 habuisti
637 2802 701 2854 cor
721 2776 919 2872 audaoem,
939 2777 1022 2854 ideo
1041 2801 1139 2853 nune
1156 2777 1258 2851 vide·

5 2965 6 3016 3
147 2903 259 2998 bitur,
278 2904 312 2979 si
330 2904 390 2980 vis
408 2905 568 3002 probare
585 2911 623 2978 te
642 2904 776 3002 ipsum.
796 2902 902 2979 Istud
921 2925 1094 3000 magnum
1112 2926 1180 2979 vas
1194 2899 1253 3003 aa,

5 3019 6 3058 ⁷
147 3029 263 3106 debes
281 3029 507 3128 adimplere3
528 3052 614 3105 eoos
632 3029 775 3106 vehunt
792 3031 943 3106 humum
956 3029 1258 3107 terreveldmum

147 3155 430 3254 pussillanimes
458 3157 697 3233 solummodo.
728 3159 788 3234 Ab
808 3158 863 3234 eis
882 3158 1061 3257 aecipien.
1081 3157 1192 3234 funde
1211 3156 1259 3233 ad

147 3281 278 3359 vasa.“
319 3281 371 3356 Et
398 3281 549 3381 Gasper
576 3282 736 3383 Raskay
774 3284 946 3359 similiter
980 3284 1137 3360 dicebat.
1174 3284 1257 3380 Ego

148 3409 296 3484 interim
324 3408 525 3484 fundebam
553 3407 682 3485 sordes
710 3410 867 3506 equinas
894 3410 942 3485 ad
968 3431 1060 3487 vasa
1083 3411 1121 3486 in
1140 3423 1257 3487 nauto.

150 3533 201 3608 Et
219 3534 265 3609 de
284 3533 417 3630 Logod
434 3535 532 3632 quod
559 3537 792 3632 sagitabunt,
823 3535 917 3611 dixit
945 3536 1035 3612 mihi
1059 3537 1256 3637 Pestieuy:

153 3661 284 3758 ,Fuge
299 3664 390 3759 jam,
409 3669 515 3759 pater
534 3661 693 3760 Georgi,
711 3663 799 3761 quia
816 3669 924 3739 extra
941 3671 1069 3740 assant
1086 3687 1258 3760 magnam

148 3787 426 3864 bombardam.“
465 3787 526 3863 Ita
553 3797 661 3866 erant
697 3789 768 3866 duo
803 3811 935 3884 magne
963 3789 1131 3886 ingenie,
1161 3790 1259 3888 quod

150 3913 298 4011 quando
317 3937 446 3991 sonum
465 3915 623 4011 dabant,
642 3939 730 3992 vere
750 3916 832 3992 dieo
851 3917 970 4012 vobis,
990 3917 1126 3994 fratres
1144 3917 1258 3995 earis-

150 4041 257 4138 simi,
279 4041 376 4139 quod
404 4042 500 4118 siout
528 4067 711 4143 campana
738 4067 874 4140 magna
901 4045 997 4120 solet
1023 4067 1177 4139 sonare,
1206 4043 1260 4118 ita

152 4174 322 4248 sonabat.
352 4171 434 4268 Ego
462 4171 686 4249 descendere
713 4171 799 4247 dum
817 4171 987 4247 volebam
1006 4171 1075 4247 sub
1093 4171 1259 4268 pedibus,

153 4320 282 4374 vasam
300 4299 496 4395 tetigerat,
516 4305 553 4373 et
571 4298 703 4375 deorso
731 4319 857 4374 easum
885 4296 1056 4374 dederam
1074 4297 1182 4372 infra.
1211 4297 1262 4372 Et

152 4424 209 4500 sie
236 4423 328 4500 mihi
356 4426 476 4501 wlnus
504 4425 543 4499 iu
568 4423 664 4500 faeie
692 4424 943 4519 contingerat,
973 4429 1009 4497 et
1027 4444 1109 4498 eum
1126 4429 1261 4521 rupptu

152 4551 250 4628 faeie
277 4552 423 4628 euourri
443 4551 490 4626 ad
509 4573 632 4627 aroem
662 4551 881 4625 Budensem.
912 4547 1105 4625 Emerious
1123 4545 1261 4648 Oybak

154 4677 308 4754 sedabat
325 4684 431 4753 extra
451 4679 603 4774 januam
631 4678 748 4772 areis,
778 4673 957 4773 imprimis
983 4673 1129 4774 quaudo
1158 4674 1261 4751 volui

155 4804 282 4881 venire
300 4803 348 4880 ad
366 4805 575 4898 ciuitatem,
601 4813 637 4879 et
655 4826 729 4880 nou
748 4801 969 4902 permitebat
987 4801 1031 4878 de
1047 4823 1136 4877 aree
1154 4809 1260 4878 extra
