3226 5220
327 415 402 492 198

324 615 356 692 si
388 617 465 712 jam
494 615 696 694 adhesistis
723 613 772 688 ad
797 619 955 710 partem·
970 609 1271 688 Germanicam.“
1313 610 1435 703 Quum

325 742 469 818 audien.
509 745 682 820 consules
719 740 1029 817 Oassouienses:
1063 739 1160 835 ,Dic
1187 739 1336 814 domino
1372 745 1437 813 tuo

325 867 463 943 Joanni
490 871 620 966 boida,
650 870 749 967 quod
777 868 893 943 multa
921 867 1081 964 dampna
1107 866 1196 940 fecit
1214 865 1322 940 nobis
1342 861 1437 940 Oas-

324 995 563 1072 souiensibus
591 997 636 1071 de
665 1020 751 1072 arce
780 993 997 1091 Sepusiensi
1034 992 1119 1070 dum
1156 998 1237 1066 erat
1269 998 1436 1095 tempore

324 1120 434 1194 boida
469 1123 691 1216 Nadolien.;
730 1144 819 1216 ergo
858 1144 925 1195 nos
959 1143 1032 1195 non
1061 1123 1184 1216 potest
1221 1123 1436 1193 contentato

324 1269 405 1320 cum
423 1249 694 1345 quinquaginta
721 1248 824 1322 milia
841 1248 979 1332 marcis
997 1247 1042 1321 de
1062 1252 1217 1342 argento
1236 1268 1353 1343 puro;
1380 1253 1437 1320 ta-

323 1374 394 1449 lem
423 1378 648 1453 relacionem
677 1376 842 1452 fecimus.
872 1376 923 1450 Et
942 1398 1007 1452 eas
1026 1374 1084 1450 dic
1112 1373 1183 1450 sibi
1202 1373 1270 1448 tali
1290 1371 1434 1449 mod0.“

429 1503 478 1576 Et
496 1509 793 1602 preparauerunt
811 1526 852 1578 se
873 1503 977 1600 ipsos
996 1523 1128 1576 versus
1139 1495 1438 1600 (coronacionem

327 1626 554 1705 Ferdinandi
574 1626 707 1730 Regis)
728 1652 810 1704 cum
830 1651 966 1725 magna
981 1650 1129 1726 pompa.
1150 1627 1352 1703 Habebunt
1369 1649 1438 1702 sex

324 1755 475 1852 colyas,
496 1756 541 1830 de
561 1757 672 1833 rubro
701 1779 824 1853 panno
853 1754 1106 1831 hornauerant
1124 1776 1205 1828 cnm
1225 1753 1351 1828 aureis
1370 1775 1437 1850 po·

324 1879 414 1974 mis3
444 1888 481 1955 et
509 1881 803 1958 thubioinatores
841 1904 922 1957 cum
957 1880 1201 1978 timpanistis,
1231 1886 1269 1954 et
1294 1878 1439 1975 equites

324 2005 457 2102 viginti
475 2007 656 2104 quinque3
684 2030 778 2104 gens
806 2008 967 2082 feminea
993 2013 1074 2082 orat
1093 2029 1181 2101 sua,
1211 2013 1439 2104 porexeruut

324 2132 371 2206 ad
390 2133 487 2208 diem
506 2141 774 2233 competentem
793 2134 897 2209 etad
921 2137 1056 2211 festum
1075 2133 1228 2211 Martini
1247 2135 1437 2209 confesso·

323 2259 387 2334 ris.
417 2258 538 2352 Quum
557 2261 722 2336 audisset
750 2261 919 2338 Joannes
938 2261 1043 2356 Rex,
1073 2261 1171 2357 quod
1190 2261 1238 2336 ad
1257 2283 1438 2336 coronan-

324 2385 409 2460 dum
430 2387 573 2482 egressi
593 2395 699 2482 sunt,
719 2393 756 2461 et
775 2387 876 2463 misit
895 2387 1048 2462 militem
1068 2411 1174 2464 suum
1193 2387 1437 2464 Franciscum

328 2511 430 2586 Bodo
460 2534 584 2588 eoram
613 2512 854 2588 eorumdum
887 2515 967 2610 jam
996 2513 1229 2589 diuertebant
1265 2513 1438 2588 adcmum

324 2636 528 2731 Casscuie,
559 2645 595 2712 et
623 2639 872 2738 apprehendit
908 2663 973 2715 eos
1010 2640 1048 2714 in
1076 2639 1186 2738 opido
1216 2637 1370 2735 Ganges
1398 2639 1438 2713 in

324 2765 502 2840 cenaculo
530 2765 710 2862 pranderi.
741 2789 816 2842 eos.
846 2765 896 2839 Et
923 2765 1005 2862 ipsc
1035 2788 1116 2840 cum
1136 2766 1191 2840 eis
1210 2764 1438 2842 Franciscus

326 2889 441 2966 Bodo.
472 2890 550 2988 Ipsi
568 2892 834 2966 intellexerunt
853 2890 1124 2968 Oassouienses
1147 2892 1245 2989 quod
1264 2894 1438 2990 explora·
1554 2915 1557 2922 ·

327 3023 383 3090 tor
412 3023 512 3092 esset
531 3041 553 3090 a
573 3017 720 3093 Joanne
749 3018 876 3113 Rege,
906 3023 944 3092 et
965 3018 1003 3092 in
1031 3042 1166 3114 magno
1193 3041 1274 3093 cum
1294 3020 1439 3095 astucia

323 3141 570 3216 veneruntad
589 3141 734 3216 domum
760 3141 1001 3236 Cassouiam,
1022 3151 1060 3218 et
1077 3151 1185 3219 nocte
1205 3145 1439 3222 intrauerunt

324 3266 371 3342 ad
391 3267 590 3342 ciuitatem.

431 3394 482 3468 Et
511 3393 672 3469 secundo
701 3394 761 3469 die
780 3397 999 3493 inceperunt
1027 3396 1196 3472 fabulare
1216 3397 1261 3471 de
1281 3420 1438 3472 corona·

325 3519 430 3594 cioue
451 3519 690 3596 Fordinandi.
724 3520 781 3616 ,0
801 3520 946 3596 domine
967 3519 1130 3617 Georgi,
1163 3522 1214 3596 ibi
1235 3537 1342 3598 erant
1360 3547 1438 3598 ma-

323 3647 388 3744 gni
418 3647 556 3722 domini
586 3647 742 3723 Bohemi
770 3657 807 3723 et
835 3647 1036 3744 Germani3
1066 3674 1139 3724 non
1168 3657 1310 3725 tantum
1343 3652 1439 3726 sicut

323 3775 509 3851 Joannem
537 3773 722 3850 boidam.“
754 3775 839 3870 Ego
867 3774 1064 3851 dicebam:
1088 3775 1197 3870 ,Non
1226 3775 1336 3850 dicite
1358 3779 1436 3872 jam

324 3921 407 3974 eum
426 3899 611 3976 Joannem
629 3900 788 3994 boidam,
809 3899 875 3976 sed
895 3900 977 3975 Rex
998 3908 1055 3976 est
1073 3901 1232 3978 Janus.“
1248 3900 1305 3996 ⁵⁸!
1335 3903 1436 3998 ,Do-

327 4025 422 4100 mine
452 4024 615 4122 Georgi,
644 4034 768 4101 tamen
798 4026 968 4102 inibitum
988 4035 1045 4104 est
1063 4052 1131 4124 per
1150 4027 1435 4112 Oassouienses,

323 4151 421 4248 quod
439 4175 512 4227 non
532 4151 668 4227 audeat
687 4151 810 4227 dicere
829 4152 1014 4230 Joannem
1035 4153 1189 4250 Regem,
1211 4154 1277 4229 sed
1294 4163 1434 4229 tantum

322 4278 506 4355 Joannem
525 4278 695 4372 boidam3
716 4277 809 4352 etin
829 4277 932 4353 Bude
952 4279 1034 4354 Rex
1064 4278 1323 4356 Ferdinandus
1348 4281 1437 4356 fecit

325 4403 578 4501 proclamare,
609 4409 650 4476 vt
668 4403 876 4500 quicunque
896 4401 1037 4479 diceret
1056 4427 1139 4478 eum
1158 4405 1342 4482 Joannem
1362 4405 1436 4482 Re·

323 4552 430 4626 gem,
461 4537 597 4605 extunc
625 4531 745 4628 capite
772 4529 940 4626 priuatus
964 4533 1105 4628 ‚ossen“
1138 4531 1219 4627 Ego
1249 4533 1352 4608 dixi:
1379 4533 1436 4628 „O

323 4677 392 4733 vos
411 4657 514 4748 fatui,
536 4679 658 4736 nonne
677 4657 783 4734 Deus
802 4655 892 4731 iacit
910 4655 1131 4755 principem,
1152 4664 1190 4732 et
1208 4657 1281 4734 Dei
1301 4659 1434 4734 donum
