3248 5210
386 459 438 541 62

387 660 425 736 ni
455 662 560 737 multi
587 664 771 742 submersi
799 663 944 739 suntin
962 662 1052 740 fluio
1082 663 1253 742 Marusii.
1284 665 1408 757 Quum
1428 663 1504 738 iam

386 788 579 887 principes
608 795 646 864 et
674 789 821 867 nobiles
848 789 1064 884 gaudebant
1091 788 1136 865 de
1165 791 1300 890 spoliis
1328 792 1434 868 lucro
1467 797 1506 864 et

386 916 649 1012 equitaueruut
679 917 813 1015 posthc
843 915 891 992 ad
918 917 1110 1015 opidulum
1138 918 1347 1014 Naghlak,
1386 925 1424 992 et
1451 917 1505 992 ibi

388 1043 534 1120 nobiles
553 1050 680 1120 castra
698 1045 826 1120 metati
846 1051 933 1120 sunt
951 1066 1034 1120 cum
1053 1045 1184 1122 citaris
1203 1053 1240 1120 et
1258 1046 1297 1120 in
1315 1044 1507 1120 sambucis

387 1166 615 1266 listulabaut,
624 1171 1187 1268 cantabant‚gratulabant.1am
1198 1170 1507 1270 archiepiscopus

388 1297 562 1374 senciens
590 1298 793 1396 perniciem
822 1299 1100 1394 crucigerorum
1128 1297 1217 1374 lecit
1243 1299 1406 1376 clamare
1434 1299 1507 1374 sub

389 1421 589 1521 anathema
617 1425 1034 1520 excommunicacionis,
1056 1433 1096 1500 vt
1114 1425 1357 1502 descenderet
1384 1425 1507 1502 omnis

389 1548 775 1646 crucigeraddomum
794 1571 912 1646 suam,
932 1553 1082 1648 legatus
1092 1551 1376 1648 strigoniensis,
1387 1573 1506 1647 quare

389 1663 522 1773 nempe
559 1674 717 1752 vidisset
754 1677 955 1754 maximam
994 1677 1266 1756 dissensionem
1304 1679 1343 1753 in
1370 1677 1506 1774 Regno

390 1800 597 1898 Hungarie.
617 1800 744 1878 Aulioi
764 1801 886 1900 Regio
905 1803 1120 1903 MaJ'estatis
1139 1804 1341 1898 dicebantr
1366 1803 1507 1902 „Ante-

389 1951 500 2026 quam
528 1929 724 2006 debuisses
751 1929 820 2006 beo
850 1931 1053 2029 perniciem
1074 1931 1271 2026 cogitare,
1304 1933 1385 2028 jam
1411 1953 1507 2027 gens

391 2057 507 2132 multa
525 2057 682 2151 surexit,
703 2056 841 2134 dificile
860 2061 1011 2155 estjam
1031 2059 1288 2154 extinguere.“
1312 2056 1404 2134 Inde
1423 2059 1506 2155 qui·

390 2183 472 2259 dem
492 2181 685 2279 Georgius
708 2181 860 2260 Siculus
888 2165 1125 2282 explorasset
1152 2207 1239 2278 eos,
1268 2185 1367 2281 quod
1395 2183 1507 2260 valde

391 2311 593 2409 episcopus
610 2317 650 2385 et
666 2309 882 2408 Stephanus
910 2310 1026 2388 Bator
1049 2319 1086 2386 et
1109 2313 1175 2388 alii
1202 2312 1351 2390 nobiles
1377 2318 1507 2410 gratu
1591 2371 1596 2388 .

391 2437 578 2515 labantur.
618 2434 663 2511 Iu
699 2437 865 2535 profesto
903 2436 941 2514 S.
972 2435 1151 2516 Laurenti
1191 2439 1356 2516 martiris
1391 2437 1510 2515 mouit

391 2564 509 2640 aciem
537 2584 644 2640 suam
665 2561 865 2662 Georgius
894 2561 1045 2642 Siculus
1061 2572 1138 2642 tam
1167 2565 1339 2642 celeriter
1365 2567 1404 2641 in
1432 2589 1509 2640 vna

391 2697 498 2768 nocte
518 2697 604 2790 post
622 2692 924 2790 completorium,
953 2699 991 2768 et
1014 2695 1073 2770 sol
1096 2695 1176 2790 jam
1202 2701 1306 2770 ortus
1325 2699 1417 2769 eret.
1438 2691 1507 2768 At-

390 2825 513 2896 tamen
543 2819 735 2896 duodecim
765 2821 871 2896 milia
898 2829 981 2898 erat
999 2821 1048 2896 ad
1067 2819 1266 2920 Gywlam,
1297 2829 1334 2896 et
1361 2819 1509 2898 obsedit

394 2967 501 3020 mane
520 2969 643 3022 arcem
663 2951 773 3045 juxta
791 2945 859 3022 dui
878 2945 1061 3043 Nagblalr
1080 2969 1193 3046 super
1211 2947 1381 3025 dominos
1400 2946 1509 3022 Hun-

392 3093 579 3168 garorum.
611 3073 661 3148 ut
679 3097 773 3170 gens
802 3074 999 3150 multitudo
1019 3074 1066 3150 de
1085 3073 1236 3172 opidulo
1265 3051 1347 3152 curn
1376 3097 1509 3174 coper-

393 3203 498 3272 turas
525 3199 599 3274 cito
628 3202 882 3299 compleuerat
909 3201 1050 3300 fossum
1078 3203 1177 3278 arcis
1204 3225 1323 3299 usque
1342 3202 1391 3278 ad
1408 3222 1508 3278 sum·

395 3346 494 3400 mum
513 3333 550 3400 ct
569 3327 822 3405 incenderunt.
843 3326 1058 3426 Stephanus
1079 3329 1193 3405 Bator
1213 3328 1334 3404 adbuc
1353 3330 1392 3404 in
1410 3330 1509 3406 lecto

389 3452 542 3547 jacebat
560 3452 606 3530 dc
626 3455 780 3553 copiosa
798 3453 994 3552 putacione
1015 3455 1093 3532 viui
1112 3451 1364 3549 Sirimieusis,
1385 3455 1508 3530 etalii

394 3575 461 3654 sic.
491 3577 580 3679 Ipse
600 3585 774 3657 evaserat
793 3580 861 3654 tali
881 3579 1009 3674 modo,
1030 3580 1205 3658 videlicet
1224 3581 1333 3658 nudis
1351 3579 1511 3680 pedibus

396 3713 477 3790 sine
495 3707 587 3807 pilio
606 3707 645 3782 in
665 3728 739 3781 vna
758 3705 914 3784 camisio
932 3708 980 3782 ad
991 3705 1236 3785 Themeswar
1256 3709 1429 3786 currebat
1447 3730 1510 3785 su·

394 3861 462 3938 per
490 3858 601 3911 vuam
630 3834 816 3910 cuballam
850 3834 932 3910 sine
960 3834 1076 3926 sella,
1107 3842 1145 3909 et
1172 3837 1392 3934 capellanus
1419 3857 1511 3912 suus

396 3962 629 4042 Laurencius
657 3960 879 4060 disponebat
897 3958 954 4060 ’Ἣ
981 3969 1018 4036 et
1046 3961 1101 4038 sic
1130 3969 1305 4038 evaserat
1332 3961 1379 4038 ad
1407 3960 1510 4038 Tbe-

396 4114 565 4169 meswar.
596 4087 687 4165 Inde
714 4111 826 4185 quum
855 4095 1008 4185 ceperat
1035 4111 1102 4165 arx
1132 4089 1317 4165 comburri
1347 4091 1395 4166 ab
1422 4090 1510 4184 igne

396 4241 479 4295 cum
497 4239 635 4312 magna
653 4213 813 4306 flamma,
834 4213 1034 4312 episcopus
1052 4213 1234 4290 Nicolaus
1253 4215 1382 4311 fugam
1399 4213 1511 4292 dede·

395 4352 455 4423 rat
473 4364 606 4420 versus
624 4338 794 4418 Obauad.
815 4337 989 4416 Attamen
1001 4341 1039 4416 in
1054 4341 1189 4416 itinere
1207 4341 1380 4417 cruciferi
1399 4365 1511 4440 apro-

396 4471 622 4573 pinquautea
649 4489 754 4562 eum,
774 4474 812 4544 et
830 4467 993 4544 vinctum
1013 4467 1246 4544 deduxerunt
1262 4487 1346 4544 eum
1365 4465 1413 4543 ad
1433 4464 1511 4544 Ge-

396 4599 542 4697 orgium
569 4594 737 4674 Sieulum
756 4617 840 4673 cum
868 4619 941 4672 vno
967 4594 1105 4674 uomitu
1123 4593 1274 4672 nomine
1301 4593 1415 4672 Petro
1433 4593 1511 4672 Ra·

397 4725 531 4804 wazdi.
567 4723 633 4802 Ait
659 4746 745 4802 mox
774 4719 964 4822 Georgius
1000 4721 1150 4802 Siculus
1187 4721 1236 4800 ad
1271 4721 1510 4822 episcopum:
