3248 5210
125 685 283 761 dominus.
313 683 406 760 Inde
434 703 577 781 pauper
605 683 846 781 preparabat„
860 701 902 756 se
930 675 978 754 ad
1005 675 1214 756 conflictum

123 819 232 886 contm
249 807 430 887 Cesarem
449 807 671 883 Turc'erum.
695 806 799 883 Inter
808 806 879 882 hec
888 805 1077 882 semilatui
1096 813 1214 900 erant,

123 945 152 1012 et
166 938 478 1036 prolongauerunt
497 943 622 1010 arcem
641 933 697 1010 sic
716 932 1026 1009 Numer-Albam
1037 930 1215 1031 expedire

124 1085 176 1140 seu
201 1062 397 1138 defendere
425 1061 473 1136 ad
511 1061 735 1137 sedecimum
773 1059 882 1134 diem.
920 1059 1012 1134 Inde
1040 1057 1140 1156 Regi
1167 1057 1216 1132 ad

123 1189 306 1276 bammum
331 1195 478 1286 oportet
497 1207 701 1285 preparare
721 1208 774 1262 se.
795 1183 876 1260 Iam
895 1185 1013 1259 eciam
1032 1182 1216 1260 dedebent

123 1319 322 1415 tempestiue
351 1316 534 1391 auxilium
560 1315 692 1390 mitere
711 1321 841 1389 contra
869 1313 1015 1389 'Purous
1035 1319 1073 1386 et
1091 1312 1214 1388 absol-

123 1465 196 1520 uere
221 1465 343 1518 arcem
372 1441 644 1519 nobilissimam
672 1440 888 1538 predictam.
918 1438 1009 1538 Ipsa
1032 1440 1216 1515 latrocula

126 1569 209 1642 uenit
225 1593 292 1668 per
310 1567 410 1646 Ister
430 1590 566 1664 aquam
585 1591 700 1666 super
717 1574 818 1643 rates
837 1575 874 1642 et
891 1568 930 1642 in
949 1565 1083 1643 Cutem
1102 1589 1216 1666 supra

125 1693 332 1792 Strigonien.
372 1694 523 1771 resedit.
561 1694 613 1768 Et
639 1701 809 1792 postcom
837 1695 1036 1800 'elegerunt
1072 1695 1216 1792 episco-

125 1843 195 1916 pum
212 1820 387 1919 Quinque
407 1820 697 1915 Ecclesiensem‚
719 1828 757 1895 et
774 1819 1010 1916 magnificam
1030 1820 1216 1896 dominam

125 1946 308 2022 doroteam
339 1969 495 2023 uxorem
523 1947 679 2022 condam
717 1947 882 2023 Emerici
911 1947 1043 2046 Prinij.
1083 1948 1134 2022 Et
1162 1947 1217 2024 sic

124 2071 288 2150 duxerant
306 2073 355 2150 ad
374 2073 538 2170 Budam,
568 2073 669 2149 etde
689 2097 787 2171 aqua
815 2073 914 2151 Ister
940 2075 1153 2152 reascendit
1170 2073 1218 2148 ad

123 2205 242 2274 terram
261 2224 378 2300 supra
396 2199 569 2276 O-Bude.
590 2201 641 2275 Et
663 2200 726 2276 isti
746 2201 871 2296 aulici,
890 2201 1067 2278 videlicet
1084 2199 1217 2277 Ladis·

124 2325 193 2400 laus
218 2325 321 2402 More
340 2335 379 2402 et
396 2326 622 2402 Franciseus
650 2327 813 2427 Batyani
832 2335 870 2403 et
896 2327 1021 2404 Lucas
1049 2327 1217 2404 Rethha-

124 2451 182 2547 aij,
208 2459 244 2526 et
259 2453 358 2528 tales
376 2453 543 2529 latrones
570 2476 683 2552 pares
701 2454 751 2529 ad
767 2477 849 2529 eam
869 2457 1153 2534 introduxerunt
1171 2453 1219 2530 ad

125 2577 270 2675 lindam,
300 2581 562 2679 corizaubant,
592 2579 940 2680 simphonizabant,
964 2583 1219 2659 scortizabant

23 2775 25 2794 ,
124 2725 192 2782 cum
210 2709 347 2806 puellis
364 2709 522 2806 Regina
535 2731 628 2806 quas
638 2708 797 2786 duxerat
814 2731 940 2787 seeum
951 2709 996 2785 de
1012 2707 1218 2786 Germania

124 2833 181 2907 sub
197 2857 345 2909 scamno
364 2841 402 2908 et
419 2835 489 2911 sub
509 2845 642 2931 carpit.
1305 2826 1310 2836 ’

214 2959 305 3036 Inde
323 2959 537 3060 Stephanus
556 2960 727 3037 Batorde
738 2961 982 3039 Themeswur
1000 2986 1084 3038 cum
1102 2961 1219 3038 multa

123 3093 218 3176 gente
245 3085 430 3184 Hungara
458 3095 584 3166 castra
610 3096 770 3165 metatus
798 3096 880 3164 erat
898 3090 937 3164 in
955 3087 1107 3185 Futagh
1135 3111 1218 3164 cum

125 3213 248 3308 optima
265 3221 378 3311 gente
395 3215 589 3292 bellicosa.
620 3214 849 3314 Spectabunt
867 3217 1058 3315 principes
1078 3225 1115 3292 et
1133 3241 1218 3316 pre·

23 3279 25 3388 l
123 3338 181 3414 lali
195 3339 378 3418 Jcaunem
396 3342 559 3417 vaiuoda
568 3342 614 3418 de
624 3341 962 3420 Transsilwaniam
971 3344 1019 3419 ad
1038 3345 1218 3421 adiuuan-

124 3464 206 3564 dum,
224 3475 388 3545 abamen
405 3469 488 3566 ipse
507 3471 676 3565 neglexit
694 3471 835 3546 venire.
855 3467 948 3572 Ἢν·
970 3470 1218 3564 Quamobrem

124 3595 440 3692 congregacionem
457 3596 517 3672 bis
536 3597 702 3672 fecerant
729 3605 859 3673 eontra
886 3619 970 3672 eum
989 3606 1027 3674 et
1045 3597 1217 3673 exclude-

126 3727 212 3815 mnt,
240 3728 278 3796 et
305 3722 459 3819 insuper
485 3721 672 3798 infidelem
692 3731 729 3798 et
746 3727 936 3822 perjurum
965 3725 1220 3800 clamauerant

125 3853 195 3920 mle
212 3870 336 3924 arcem
364 3847 593 3945 Budensem,
615 3857 653 3924 et
671 3858 861 3948 compater
880 3851 1023 3928 Paulus
1045 3850 1217 3944 Artandi,

126 3973 281 4065 quierat
309 3983 508 4073 antequam
536 3979 762 4054 secretarius
789 3981 872 4076 ejus
899 3987 936 4054 et
952 3979 1013 4055 bis
1039 3985 1154 4074 tomo,
1182 3983 1220 4052 et

122 4099 257 4192 januam
286 4103 498 4180 Budensem
535 4128 661 4182 coram
687 4106 771 4204 ipso
789 4129 915 4204 -supre
940 4111 1153 4200 traxerant,
1182 4111 1220 4178 et

126 4247 186 4302 non
202 4232 448 4328 permiserunt
475 4232 522 4308 ad
550 4255 674 4309 arcem
703 4234 854 4310 intrare.
883 4232 969 4309 Ibat
996 4232 1035 4307 in
1062 4230 1218 4329 plateria

127 4349 343 4436 Budensibus
371 4359 475 4436 solus
502 4383 585 4436 cum
613 4365 765 4436 caterua
792 4382 881 4456 sua,
911 4365 949 4433 et
967 4357 1015 4432 ad
1033 4357 1218 4432 cancella-

127 4478 206 4557 rium
224 4482 441 4561 Ladislaum
470 4485 699 4584 Episcopum
727 4485 864 4583 Zalkaj
892 4487 1046 4562 volebat
1063 4483 1111 4559 ed
1136 4505 1218 4560 eum

129 4603 269 4706 intrare,
291 4620 328 4686 et
346 4610 391 4686 de
411 4613 494 4711 ipso
512 4613 664 4690 volebat
682 4613 799 4709 scire,
828 4637 903 4710 qua
921 4635 1037 4688 causa
1055 4613 1221 4688 lacerent

128 4753 222 4834 ooper
240 4761 323 4816 eum
341 4749 405 4815 tm.
425 4739 677 4836 ignominiam.
704 4741 754 4814 Et
772 4740 870 4836 quod
889 4740 1070 4818 sensisset
1087 4737 1219 4815 Ludis·
