3260 5226
412 519 491 598 332
538 502 541 514 ¹

409 717 561 828 aalide,
594 713 638 794 ‘et
674 719 774 817 cepit
810 719 1005 816 increpare
1041 719 1216 812 iuuenes,
1243 725 1295 792 nt
1322 729 1525 813 surgerent,

416 847 530 946 ,quia
556 847 655 924 rnale
692 846 936 922 habebimus“
978 847 1138 925 dicebat.
1176 847 1229 922 Et
1255 847 1319 922 isti
1346 847 1456 944 qnasi
1482 847 1526 922 de

411 997 552 1052 summo
573 974 787 1070 surgebant,
808 979 846 1047 et
864 973 1000 1050 Petrus
1018 973 1193 1050 sacerdos
1211 973 1366 1071 capiens
1384 978 1526 1070 spatam

411 1125 539 1196 suam,
566 1107 607 1197 et
633 1100 805 1176 dominns
833 1098 971 1200 Cybak
1005 1101 1160 1200 capiens
1187 1101 1226 1176 in
1254 1101 1427 1176 manibus
1454 1099 1531 1176 suis

410 1229 545 1306 bonam
574 1250 685 1302 vnam
710 1227 904 1303 frameam.
934 1226 983 1302 Et
1009 1226 1103 1302 vidit
1129 1227 1309 1304 Vrbanus
1338 1226 1528 1326 Battyani,

358 1375 364 1386 ¹
410 1354 508 1454 quod
526 1353 643 1430 verba
671 1375 740 1430 sua
759 1353 813 1429 nil
831 1352 984 1450 fierent,
1014 1361 1055 1428 vt
1080 1353 1227 1429 veniret
1244 1375 1286 1430 se
1304 1352 1413 1430 liberi
1431 1353 1528 1430 arbi·

409 1481 496 1560 trio.
526 1480 577 1556 Et
589 1480 705 1577 jussit
731 1479 920 1578 peditibus
940 1479 1298 1576 jagnicharonibus,
1319 1478 1527 1554 vtinnade·

408 1613 493 1686 rent
511 1605 560 1682 ad
577 1628 662 1681 eum
680 1612 822 1700 contra,
843 1613 884 1680 vt
903 1613 1091 1704 caperent.
1112 1605 1164 1682 Et
1182 1604 1332 1685 dicebat
1349 1606 1529 1683 Vrbanns

410 1733 589 1835 Battyani
609 1761 618 1808 ε
642 1731 726 1831 ,Aa
743 1733 854 1810 fidem
883 1758 1024 1829 meam,
1045 1735 1187 1831 inquit,
1217 1735 1346 1811 veniat
1363 1741 1428 1810 tua
1447 1731 1527 1808 Ma-

408 1859 648 1958 gnificentia,
678 1861 768 1958 quia
795 1861 850 1936 nil
867 1861 936 1938 tibi
965 1862 1114 1938 eveniet
1131 1862 1330 1958 quiequam
1350 1861 1524 1936 malum.“

408 1987 458 2063 Et
476 1987 558 2086 ipse
576 1988 793 2066 recordatus
822 1995 902 2064 crat
930 1989 1047 2066 verba
1074 1971 1210 2064 nomini
1238 1985 1464 2080 Gottbardi,
1493 1993 1530 2060 et

409 2111 514 2190 fleuit
543 2137 689 2210 amare,
718 2121 756 2189 ct
784 2115 846 2211 qui
870 2115 1049 2192 valebant
1073 2113 1216 2192 intrare
1234 2113 1281 2190 ad
1299 2111 1529 2212 papilionem

408 2261 537 2336 suam,
566 2265 652 2318 mox
672 2265 799 2320 casnm
818 2241 932 2318 dabat
950 2242 997 2318 ad
1015 2247 1175 2335 terram,
1205 2249 1243 2316 ct
1260 2241 1397 2316 multos
1415 2237 1529 2316 inter·

408 2366 569 2444 ficiebat.
596 2368 647 2444 Et
666 2369 764 2466 quod
783 2367 976 2464 viderunt,
1005 2367 1195 2446 irruerunt
1213 2365 1261 2442 ad
1280 2389 1364 2442 eum
1383 2370 1527 2440 conus.

408 2491 519 2593 Cepit
536 2518 620 2570 cum
637 2495 783 2572 framea
810 2518 880 2572 sua
906 2496 1011 2593 ipsos
1038 2517 1178 2591 negare
1197 2491 1245 2596 *),
1274 2494 1364 2591 quia
1382 2491 1530 2568 viderat

401 2621 481 2716 jam
510 2621 632 2720 ipsum
668 2620 714 2697 dc
751 2619 887 2698 mundo
921 2621 1146 2696 exulantem.
1184 2619 1273 2719 Jam
1300 2617 1410 2716 quasi
1437 2640 1530 2716 aper

407 2747 549 2824 seuien‘.
578 2747 689 2826 irruit
714 2756 845 2826 contra
873 2769 939 2824 ecs
966 2753 1110 2824 tantum
1133 2747 1258 2840 solus,
1287 2751 1326 2820 et
1343 2743 1444 2842 cepit
1462 2766 1530 2820 ecs

405 2881 644 2987 prosternere
663 2877 712 2952 ad
730 2883 868 2953 terram
897 2883 1075 2974 tanquam
1103 2875 1292 2972 legumine
1309 2871 1528 2962 seminator,

405 3001 602 3078 admodum
630 3003 748 3080 fertuu
775 3001 931 3094 dixisse,
961 3008 1002 3076 vt
1028 3000 1099 3078 fnit
1125 3000 1313 3078 secundus
1331 2997 1448 3076 Ector
1466 2999 1530 3074 vel

406 3127 573 3206 Achiles.
603 3127 702 3222 Quia
730 3137 817 3204 erat·
838 3129 897 3206 vir
924 3128 1120 3223 robustus,
1150 3137 1187 3203 et
1205 3128 1246 3204 in
1262 3125 1431 3203 brachiis
1448 3124 1529 3200 suis

405 3256 517 3352 latus,
537 3263 574 3331 et
592 3257 631 3331 in
649 3257 848 3355 presencia
857 3257 936 3332 iita
954 3279 1024 3332 sua
1042 3258 1179 3333 molam
1199 3252 1402 3332 asinariam
1422 3252 1530 3329 solus

406 3382 635 3482 accipiebat,
657 3390 694 3458 ct
712 3406 828 3482 snpra
845 3384 1007 3480 ponebat
1025 3383 1074 3458 ad
1090 3395 1211 3479 parnt.
1241 3381 1293 3456 Et
1310 3381 1407 3456 sicut
1434 3377 1527 3454 scri-

408 3515 509 3606 ptum
530 3518 606 3604 est,
627 3516 820 3608 utsupra,
850 3517 933 3586 crat
960 3511 1018 3586 vir
1045 3509 1174 3603 fortis,
1204 3529 1315 3606 quum
1344 3503 1530 3582 vidissent

407 3657 491 3712 enm
515 3660 588 3714 non
612 3644 892 3735 ,comparentem
919 3635 995 3731 eis,
1024 3659 1110 3712 mox
1139 3633 1415 3710 circumderunt
1441 3652 1529 3706 eum

409 3765 481 3840 viri
502 3763 677 3862 improbi,
697 3769 735 3838 et
753 3762 866 3839 corda
883 3763 1043 3842 tentorio
1060 3785 1128 3839 sue
1148 3767 1327 3860 ceperunt
1343 3757 1529 3850 soniare,

407 3891 495 3990 qnia
513 3890 565 3966 nil
584 3897 759 3989 poterant
777 3891 813 3964 ei
832 3891 1029 3988 quiequam
1048 3891 1187 3966 facere.
1208 3885 1447 3964 Solummcdo
1458 3907 1528 3984 pa·

253 4013 257 4026 ’
405 4019 585 4118 pilicnem
612 4039 718 4094 suam
746 4017 794 4092 od
822 4023 933 4117 caput
951 4020 1033 4118 ejus
1051 4018 1220 4094 fecerunt
1238 4014 1394 4102 cadere,
1414 4011 1530 4088 etsie

406 4146 476 4224 sub
492 4143 726 4244 coopertorio
737 4145 922 4220 velamine
940 4144 1100 4220 tentoria
1112 4145 1211 4219 vltra
1230 4141 1412 4220 tranfixus
1431 4149 1528 4234 erat,

405 4274 502 4350 sicut
519 4271 734 4348 Laconicus
754 4271 858 4366 Rex;
886 4279 925 4347 et
953 4295 1021 4370 per
1039 4293 1215 4368 magnum
1234 4267 1440 4348 martirium
1460 4289 1528 4342 ex·

406 4399 501 4478 aluit
519 4398 566 4474 de
584 4397 732 4474 mundo.

512 4525 564 4602 Et
580 4523 619 4601 in
639 4523 806 4604 Scibinio
826 4525 996 4626 sepultus
1016 4529 1084 4601 cst.
1105 4523 1154 4600 at
1173 4522 1291 4602 tercia
1308 4519 1369 4598 die
1387 4519 1525 4600 visisio

410 4734 716 4752 m

441 4813 471 4868 *i
493 4811 591 4870 Aaou:
613 4813 759 4878 „uncare.“
