3260 5226
385 443 464 536 334

383 645 482 722 libus
501 651 539 718 ct
556 644 799 742 ignobilibus.
821 647 871 722 ut
891 647 962 723 cito
984 657 1243 744 surrexerant,
1273 657 1310 722 et
1330 649 1502 724 dicebant

383 770 614 866 regnicoloni
642 770 807 848 eiusdem
828 801 836 844 :
861 769 1072 868 „Quidnam
1090 773 1162 848 hoc
1181 773 1290 850 cat?“
1322 775 1372 850 Et
1390 775 1503 851 domi-

386 918 456 972 nus
494 894 682 974 Gotthard
719 899 882 974 clamore
910 921 1002 974 voce
1030 897 1178 975 dicebat
1205 901 1261 976 cis
1290 929 1299 972 :
1332 899 1502 996 „Audita

385 1025 521 1102 tratres
540 1023 612 1098 mei
631 1023 777 1101 nobiles
796 1033 833 1102 et
851 1025 1039 1121 ignobiles
1048 1033 1086 1100 et
1095 1027 1303 1124 optimates,
1326 1027 1505 1102 habemus

386 1153 531 1230 hostem
550 1173 737 1248 maguum,
758 1158 796 1226 et
815 1153 922 1249 quani
941 1153 1098 1228 intrauit
1105 1153 1263 1252 vippera
1274 1155 1506 1230 anicularum

388 1281 557 1376 nidibua,
578 1286 616 1355 et
634 1277 689 1354 sic
707 1279 882 1377 deuoret,
912 1305 957 1356 ac
984 1283 1167 1356 consumit
1185 1283 1224 1358 in
1243 1283 1369 1360 multis
1397 1281 1503 1358 lucia.
1617 1309 1618 1316 Ν

392 1409 455 1486 Sic
473 1407 644 1486 dominus
667 1411 896 1506 gubernator
924 1409 1061 1506 Gritti,
1091 1412 1154 1509 qui
1173 1419 1231 1488 cat
1249 1411 1397 1488 'Porcus
1434 1410 1506 1484 Ita-

388 1540 467 1633 lus,
497 1537 682 1614 nescimus
711 1539 854 1633 eligere
882 1560 988 1632 cum,
1018 1547 1056 1612 et
1082 1539 1239 1614 intrauit
1266 1537 1314 1612 ad
1340 1545 1504 1615 nostram

391 1663 515 1759 edem,
545 1689 599 1742 ac.
618 1687 714 1740 nunc
742 1672 880 1740 mactat
898 1671 936 1737 ct
955 1666 1138 1742 consumit
1157 1689 1267 1740 vnum
1287 1665 1443 1740 fratrem
1463 1687 1506 1737 cu

391 1790 498 1866 nobis
517 1814 652 1866 nomen
670 1789 808 1889 (lybak
829 1789 1078 1866 Emericum.“
1170 1777 1174 1785 ’

497 1916 618 2008 Quum
646 1917 740 1992 vidit
766 1919 996 2012 gubernator
1025 1927 1155 1996 contra
1174 1943 1216 1996 sc
1235 1929 1386 2015 gentem
1415 1919 1508 1993 vali-

392 2044 477 2122 dam
496 2067 667 2142 surgen,
697 2052 734 2121 ct
761 2044 882 2120 dixit:
908 2046 1101 2142 „loannes
1120 2047 1248 2146 Docy,
1278 2047 1367 2143 quid
1394 2047 1510 2121 facia·

394 2168 526 2249 mus?“
555 2171 643 2268 „Nil
661 2171 909 2269 premeditato
928 2173 1142 2268 valeamus,
1163 2173 1307 2248 dominc
1327 2163 1512 2269 guberna-

391 2307 462 2393 tor,
484 2299 571 2396 quia
589 2322 658 2374 noa
671 2320 798 2374 eumue
816 2299 903 2396 plus
923 2321 1033 2396 quam
1053 2307 1135 2376 octo
1155 2299 1260 2374 milia
1278 2300 1445 2374 virorum
1465 2299 1513 2373 ad

372 2471 376 2477 ·
393 2425 643 2502 bellicandum
653 2451 664 2522 r
684 2449 774 2522 crgo
793 2425 985 2502 videamus
1006 2426 1095 2524 quid
1112 2428 1279 2502 volunt.“

500 2551 593 2626 Inde
612 2551 713 2628 filius
732 2549 815 2650 ejus
842 2549 1056 2629 Anthoniua
1076 2555 1121 2628 de
1142 2552 1249 2628 Buda
1269 2551 1514 2647 congregauit

394 2701 478 2756 acac
508 2675 740 2779 quince(n)ta
768 2678 932 2754 virorum
960 2679 1132 2756 bellicosi
1161 2681 1230 2755 sub
1249 2663 1310 2772 ae,
1341 2687 1378 2752 ct
1398 2677 1514 2752 cicius

394 2805 555 2881 cucurrit
573 2805 621 2880 ad
639 2811 784 2903 patrem
802 2827 910 2880 auum
929 2803 1159 2882 Lodouicum
1179 2805 1294 2883 Gritti
1310 2805 1359 2880 ad
1369 2805 1513 2882 Trana-

396 2933 617 3026 siluanium3
648 2938 794 3006 etcum
832 2932 1145 3029 apropinquaoaet
1173 2933 1220 3008 ad
1248 2939 1393 3031 patrem
1424 2931 1517 3006 dixit

397 3061 458 3136 ci:
484 3059 610 3157 „Bene
638 3058 712 3154 fili,
741 3058 840 3156 quod
868 3057 994 3133 vidisti
1023 3063 1081 3134 me
1109 3067 1146 3135 et
1172 3081 1393 3155 germanum
1413 3067 1515 3134 tuum

397 3163 544 3282 ridere,
573 3185 755 3282 quiajam
775 3187 860 3283 pluo
880 3207 990 3282 qnam
1018 3185 1164 3280 gaudeo
1183 3187 1228 3261 de
1248 3185 1356 3263 vobio
1374 3187 1515 3276 videre,

397 3313 486 3408 qnia
513 3332 638 3387 eumue
665 3311 705 3386 in
732 3333 869 3407 magna
897 3311 1142 3387 tribulacione
1176 3313 1271 3388 inter
1299 3312 1516 3409 Hungaroa.

399 3437 474 3514 Scd
493 3437 576 3514 Deo
605 3437 779 3536 adjuuan.
808 3441 895 3515 volo
924 3439 1028 3536 ipsos
1057 3439 1190 3537 punire
1218 3441 1312 3516 iatoo
1341 3441 1517 3519 rebelles,

400 3565 461 3662 qui
479 3571 611 3642 contra
628 3589 686 3640 me
705 3567 924 3642 steterunt.“
957 3563 1124 3663 Cumque
1153 3567 1336 3642 vidiaoeut
1354 3575 1517 3662 gentem.

399 3714 465 3792 pre
493 3692 726 3768 multitudine
762 3693 983 3788 timuerunt,
1023 3701 1060 3769 et
1088 3693 1259 3770 dominus
1287 3695 1397 3792 Docy
1427 3695 1518 3770 dixit

401 3819 546 3897 domino
564 3821 828 3917 gubernatori:
843 3820 1066 3918 „Intremua
1088 3821 1518 3898 Illustriasimedomine.

402 3949 450 4026 ud
468 3949 648 4024 munitam
674 3947 784 4023 iatam
812 3924 1002 4022 ciuitatem
1021 3947 1187 4043 Magios,
1217 3947 1303 4024 dum
1331 3946 1519 4023 Saronico

402 4099 497 4172 gena
515 4076 554 4151 in
573 4081 732 4152 montem
751 4097 825 4150 non
844 4073 989 4172 accepit
1002 4073 1209 4170 jussionem
1219 4073 1518 4150 Tranasilwanie

403 4202 623 4304 vaywodeJ
661 4202 712 4276 ut
738 4199 971 4276 intrauerant
997 4200 1037 4274 in
1066 4199 1224 4300 Megyeo
1251 4201 1289 4275 in
1318 4201 1518 4290 ciuitatem,

406 4353 480 4427 qua
498 4336 556 4406 est
574 4325 802 4404 circumdata
828 4332 886 4402 eat
904 4349 987 4424 cum
1006 4326 1150 4422 menia;
1173 4325 1234 4378 ¹⁰⁰·
1253 4323 1290 4430 lv·
1312 4327 1400 4425 quia
1419 4327 1452 4404 ei
1472 4327 1520 4401 oi-

404 4477 472 4532 uos
490 4455 690 4532 ociuiuacnt
709 4451 934 4548 ddcgienaes,
954 4451 1109 4528 difficile
1128 4455 1337 4553 potuissent
1355 4455 1518 4544 intrare;

409 4583 495 4676 quia
513 4589 676 4656 attamen
695 4603 840 4678 paruua
852 4589 913 4657 eat
931 4580 1065 4656 ciuitas
1084 4605 1223 4676 eorum,
1243 4583 1310 4658 sed
1328 4583 1437 4658 fortia
1457 4587 1518 4655 est.

515 4707 636 4795 Quum
660 4711 739 4802 jam
767 4731 861 4802 genu
880 4732 926 4782 ex
946 4709 1108 4805 undique
1126 4719 1232 4808 parte
1251 4717 1351 4787 eruet
1369 4733 1437 4783 eos
1456 4707 1519 4781 cir·
