3248 5210
1175 393 1228 474 bb

122 613 155 678 et
172 624 366 680 numerare
384 608 581 701 ceperunt,
603 607 642 674 et
660 601 782 676 minus
801 618 876 673 vox
895 618 981 693 vna,
1002 596 1103 693 quod
1121 593 1228 672 Hun-

22 727 23 814 i
121 751 247 824 garum
265 731 302 806 in
321 729 465 827 Papam
483 751 557 804 non
576 727 842 824 contingisset,
871 724 962 822 quia
978 746 1107 800 omnes
1124 724 1228 800 vole-

121 857 205 932 bant
223 854 312 930 Itali
322 875 406 931 esse
416 854 723 951 Strigoniensem.
744 851 953 948 Georgium
971 851 1226 945 contingebat:

124 981 242 1076 ,Vere
269 1003 338 1056 nec
355 987 395 1055 tu
414 981 490 1058 eris
510 981 542 1056 si
562 1003 632 1076 ego
651 979 770 1074 non;“
802 984 840 1054 et
864 999 996 1053 rocem
1020 998 1126 1053 suam
1145 998 1228 1051 cum

22 1101 23 1108 '
122 1107 275 1182 aliorum
301 1106 465 1184 sortibus
493 1106 690 1205 imposuit,
718 1112 756 1181 et
782 1106 847 1202 qni
875 1105 997 1180 minor
1023 1109 1105 1178 erat
1131 1102 1229 1178 inter

121 1253 191 1326 eos,
211 1230 260 1308 ad
277 1253 361 1306 eum
378 1231 548 1329 porrexit
565 1238 698 1308 sortes.
720 1231 771 1306 Et
780 1231 852 1307 iste
862 1237 947 1307 erat
961 1229 1126 1305 decimus
1135 1227 1226 1304 Leo.

122 1355 167 1430 Et
183 1357 332 1434 durauit
350 1356 544 1432 duodecim
563 1381 701 1452 annos,
732 1364 769 1433 et
785 1358 857 1436 iste
877 1363 958 1432 erat
984 1356 1096 1432 valde
1114 1355 1228 1432 musi-

22 1541 23 1560 ,
122 1503 201 1578 cus3
221 1491 258 1558 et
275 1485 347 1560 iste
367 1485 575 1582 composuit
594 1505 705 1560 vnum
724 1491 922 1560 mutetam:
937 1488 1024 1578 (tob
1040 1509 1108 1580 pro
1127 1487 1229 1557 uobis

123 1622 243 1683 rootru
260 1637 334 1696 noa,
353 1621 387 1683 ai
406 1613 507 1685 Deos
528 1622 580 1685 est
599 1613 791 1686 nobiscum.

222 1733 272 1810 Et
289 1733 458 1811 Thomas
477 1735 620 1833 rotipar
648 1736 896 1814 residenoiam
920 1735 1105 1812 habuerat
1122 1741 1229 1831 quat·

123 1869 197 1938 tuor
226 1861 354 1958 annis;
383 1869 421 1936 et
447 1884 560 1959 quum
587 1863 804 1939 scribebant
834 1858 948 1958 1514,
979 1868 1016 1938 et
1034 1861 1160 1936 ‘mouit
1187 1883 1229 1936 se

124 2010 248 2064 versus
274 1988 521 2084 Hungariam.
561 1988 613 2064 Et
641 1989 754 2064 valde
781 1987 872 2064 Itali
901 1989 1079 2065 volebant
1106 1988 1229 2086 ipsum

123 2115 332 2210 intoxicare,
354 2123 392 2189 vt
410 2116 507 2190 inter
526 2138 592 2192 eos
609 2111 820 2216 potuissent
839 2116 1005 2192 diuidere
1022 2117 1119 2192 bona
1137 2137 1228 2208 sua,

123 2249 275 2317 ammon
302 2243 546 2330 mandauerat
573 2243 730 2321 firmiter
756 2242 957 2343 thapiferis
986 2251 1023 2319 et
1041 2241 1231 2318 cratiieris

122 2369 270 2468 inpotu,
292 2377 329 2444 et
349 2393 532 2466 cocorum,
553 2379 595 2444 vt
612 2378 740 2448 essent
757 2371 859 2447 sobri
879 2370 1083 2467 strigiles.
1104 2366 1230 2443 Semel
1309 2377 1319 2397 ⁸

22 2475 23 2490 Ν
124 2502 356 2592 portauerant
382 2496 455 2574 sibi
482 2497 608 2594 pisces
627 2497 738 2574 uiuos
756 2498 796 2572 in
824 2496 942 2592 dono,
971 2517 1128 2592 eumque
1152 2493 1229 2571 vis·

22 2611 23 2640 ¹
125 2619 310 2718 rorabant,
331 2628 368 2695 et
385 2621 609 2696 invenerunt
636 2621 676 2696 in
700 2622 869 2720 piscibus
897 2621 1116 2720 scorpiones
1133 2620 1228 2695 mul·

122 2755 192 2843 tos,
220 2755 257 2822 et
284 2747 458 2824 dixerunt
486 2747 762 2848 archiepiscopi
790 2747 948 2824 Thome.
979 2748 1030 2822 Et
1047 2745 1227 2845 permisit,

125 2881 158 2948 vt
173 2876 211 2951 in
230 2877 310 2952 ioro
338 2885 504 2952 emerent
531 2877 656 2952 omnia
682 2876 730 2951 ad
759 2879 977 2975 coquinam3
998 2882 1036 2950 et
1053 2875 1108 2951 nil
1126 2871 1230 2950 aliud

127 3001 301 3096 iacerent,
326 3009 465 3078 etcum
484 3027 622 3100 magna
650 3002 878 3080 authoritate
906 3001 1228 3100 indulgentiarum

126 3151 211 3225 pena
238 3137 275 3204 et
302 3129 467 3227 aculpa,
489 3137 529 3203 vt
556 3135 658 3205 esset
684 3130 962 3208 commissarius
990 3130 1038 3206 ad
1064 3129 1227 3204 Italiam.

128 3253 168 3329 Et
183 3257 238 3332 sic
256 3256 416 3350 factum,
445 3279 601 3355 cumque
630 3266 786 3334 venerat
803 3258 852 3333 ad
869 3258 1009 3335 limites
1027 3257 1228 3355 Hungaro-

22 3399 23 3410 ’
127 3403 214 3478 mm,
242 3390 322 3459 totu
349 3381 550 3480 Hungaria
586 3383 791 3480 plaudebat
818 3383 864 3458 de
891 3383 1118 3460 venturitate
1147 3405 1230 3477 sua,

22 3543 23 3616 r
127 3510 211 3602 quod
239 3517 369 3586 eontra
395 3532 566 3608 paganos
602 3509 753 3587 rubram
790 3531 937 3585 crucem
968 3519 1149 3610 portaret.
1179 3512 1231 3587 Et

128 3655 242 3714 omnes
265 3638 345 3734 jam
363 3637 620 3734 preparabant
642 3658 748 3711 arma
766 3635 925 3730 bellica,
946 3641 987 3710 vt
1005 3635 1163 3713 intraret
1181 3637 1229 3713 ad

127 3759 331 3840 beneficium
358 3785 464 3840 suum
495 3760 715 3838 Patriarche
744 3761 783 3868 in
812 3763 941 3838 vrbem
963 3761 1227 3842 Constantino·

129 3889 329 3983 politanam.

417 4049 749 4154 (onrrruuun
777 4049 924 4154 xxm).

22 4353 23 4378 Ν
220 4249 387 4350 Cumque
405 4253 609 4348 audissent,
631 4251 810 4348 Agarona
827 4275 922 4348 gens
941 4253 1070 4350 fugam
1089 4253 1229 4332 dabant

22 4397 23 4400 ‘
132 4373 214 4452 rltra
231 4401 354 4474 mare,
375 4387 412 4454 et
430 4381 559 4457 claues
586 4379 837 4479 promiserant
854 4377 945 4456 darc
964 4379 1064 4458 areis
1083 4379 1226 4458 Zende·

132 4503 310 4581 remiensis
328 4505 375 4580 ad
393 4507 570 4582 bonatum
597 4504 909 4582 Nandor-Albam
938 4507 1086 4584 nomine
1114 4509 1225 4586 Eme·

22 4639 23 4710 }
133 4625 194 4704 n‘ro
210 4630 375 4708 'l'herels
