3260 5226
379 531 460 617 dod

287 827 292 840 „
379 738 537 822 onerent
558 730 596 806 in
625 730 800 824 sinitote,
829 727 945 807 doneo
973 727 1191 828 expedirent
1217 728 1327 809 libito
1355 749 1491 809 eorum.

379 859 467 939 Jam
485 859 582 936 inter
601 879 643 936 se
660 857 880 956 inoeperunt
897 854 1084 935 ruminare
1104 883 1113 928 :
1143 853 1268 952 „Quid
1284 855 1492 938 iaciendum

376 990 455 1086 jem
475 985 585 1064 nobis
603 983 687 1060 hew
698 983 814 1080 nobis,
835 1003 905 1080 que
923 983 1109 1079 molejom
1127 984 1297 1082 perpessi
1316 980 1491 1060 snmus?“

380 1114 485 1195 Inter
504 1133 671 1190 ssevnus
690 1110 739 1185 od
756 1111 915 1186 alterum
935 1108 1102 1186 dioebot:
1122 1107 1253 1207 „Quod
1272 1109 1306 1186 si
1325 1133 1407 1186 oum
1426 1111 1452 1188 J
1454 1135 1492 1196 o·

379 1262 477 1317 enne
496 1239 716 1336 Regiestnte
743 1236 1010 1338 tenuissemus,
1040 1258 1138 1312 nuno
1155 1237 1249 1312 tolia
1267 1259 1341 1315 non
1358 1260 1493 1337 perpe·

376 1365 588 1456 tissemus.“
621 1363 731 1441 Alius
758 1363 932 1440 dicebat:
957 1360 1023 1460 „si
1052 1361 1157 1440 Prini
1186 1363 1321 1442 Petrus
1339 1365 1408 1474 spb
1427 1387 1494 1440 nn·

377 1493 453 1573 tien
481 1516 551 1570 sue
578 1493 751 1587 sedebat,
787 1512 884 1568 nune
912 1491 985 1586 iste
1011 1489 1168 1587 penuria
1195 1513 1269 1567 non
1297 1493 1496 1570 ewenisset

378 1623 489 1720 snpe'r
508 1620 612 1697 nos.“
635 1616 745 1696 Alius
762 1617 930 1697 dioebot:
955 1613 1114 1714 „Audite
1132 1615 1280 1714 domini,
1300 1618 1356 1694 nil
1374 1620 1493 1716 major

376 1770 500 1828 eoram
507 1747 590 1824 Deo
601 1745 848 1843 omnipotente
857 1749 1062 1842 peceatum,
1075 1763 1184 1840 quern
1201 1766 1270 1842 per
1287 1743 1490 1825 infidiono·

378 1883 458 1964 stre
468 1879 599 1952 eontra
618 1870 902 1970 gratitudinem
920 1891 1033 1968 quum
1042 1869 1199 1946 fructum
1211 1871 1412 1968 evangelii
1430 1874 1493 1948 ao

378 2003 546 2082 dieamus
562 2002 601 2076 in
620 2009 765 2100 septem
782 1999 1033 2076 odoramentis.
1055 1997 1130 2076 Sed
1143 2001 1224 2096 jem
1241 1999 1287 2074 de
1305 2001 1493 2098 preteritis

378 2128 476 2209 absit
493 2129 619 2222 nobis,
649 2127 760 2203 hawd
786 2127 916 2225 pooius
944 2125 989 2200 de
1016 2126 1153 2203 futuris
1166 2128 1246 2224 jem
1265 2126 1490 2204 studeamus.

378 2253 569 2348 Quomodo
598 2253 715 2332 Cesar
733 2254 801 2330 wlt
819 2253 965 2330 omnino
994 2253 1106 2330 istem
1124 2253 1311 2330 oinitetem
1330 2261 1492 2332 nostram

376 2382 528 2478 hebere,
548 2380 664 2458 veluti
684 2379 894 2456 audiuimus
914 2380 961 2455 eb
981 2401 1047 2456 oro
1057 2379 1271 2478 delegatore
1288 2403 1376 2476 sno;
1395 2381 1493 2479 qnod

377 2510 444 2586 wlt
460 2531 577 2606 vsque
597 2508 646 2584 ed
663 2507 819 2584 tercium
839 2527 975 2582 annum
994 2504 1056 2582 hio
1077 2507 1205 2604 jaoere
1224 2503 1343 2584 Gener
1364 2512 1490 2584 Zoiton

377 2640 487 2710 Zetim
507 2631 563 2737 ¹¹³),
592 2634 710 2710 donee
746 2631 935 2708 oinitstem
974 2654 1048 2708 non
1076 2630 1229 2709 hebebit
1254 2639 1420 2710 nostram
1446 2633 1491 2711 od

377 2783 510 2845 manus
538 2761 662 2840 suos.“
694 2759 772 2836 Alii
800 2759 1002 2836 dioebent:
1028 2758 1297 2858 „Neqnapnam
1317 2760 1491 2838 debemus

377 2886 565 2966 ciuitatem
582 2888 782 2982 munitam,
801 2885 958 2964 forsitan
976 2908 1045 2964 nos
1065 2885 1242 2962 sdiwebit
1259 2883 1343 2962 Rex
1361 2885 1488 2964 Ferdi-

376 3014 557 3096 nendns.“
587 3013 652 3092 Ait
668 3013 793 3092 Jndex
812 3041 821 3086 :
846 3010 1003 3109 „Audite
1020 3012 1160 3090 iratres
1178 3011 1263 3088 mei.
1283 3011 1418 3090 Nonne
1437 3020 1493 3092 est

371 3143 451 3240 jem
469 3143 555 3240 plus
574 3165 685 3239 quem
703 3165 778 3216 vna
796 3139 1061 3234 ebdomadem,
1082 3139 1180 3236 quod
1200 3137 1490 3238 strigoniensem

376 3291 501 3346 ornem
529 3291 747 3368 expugnare
775 3274 973 3367 oeperunt3
1001 3267 1130 3344 forsen
1152 3268 1233 3366 jam
1260 3273 1418 3365 eooepts
1435 3275 1490 3344 est

375 3419 444 3496 per
462 3417 574 3472 vnum
592 3397 754 3473 bessem.
784 3395 920 3472 Nonne
938 3394 978 3470 in
996 3395 1149 3472 auribus
1167 3417 1300 3472 sonare
1324 3395 1493 3472 feserunt

376 3523 416 3599 in
433 3523 588 3602 nuribus
606 3523 726 3621 Regis
745 3523 985 3600 Ferdinandi.
1006 3521 1116 3614 Quod
1134 3523 1166 3598 si
1184 3529 1406 3620 potestatem
1425 3522 1490 3598 hn-

375 3650 539 3748 bnisset,
560 3649 632 3726 diw
651 3650 868 3728 defensores
886 3650 986 3726 infre
1004 3649 1168 3728 misisset
1185 3649 1234 3726 ed
1250 3655 1490 3727 tutamentum

380 3776 566 3876 ipsorum,
587 3777 675 3876 quis
692 3777 732 3853 in
748 3777 846 3854 festo
865 3777 910 3852 B.
929 3775 1104 3874 Apostoli
1123 3776 1285 3854 Vinonle
1304 3775 1408 3852 Petri
1428 3779 1489 3852 ob·

380 3903 504 3981 sidere
532 3911 713 4002 ongerunt
730 3924 813 3980 oum
832 3903 969 4006 anois
992 3901 1244 3980 Mehmetbek.
1271 3903 1323 3978 Et
1341 3911 1490 4004 propter

383 4031 527 4109 luorum
544 4031 797 4130 totepeditum
808 4029 1164 4129 guerroTuroarum
1182 4029 1321 4106 irruen.
1340 4039 1491 4130 propter

379 4157 524 4235 luorum
551 4157 707 4236 liberum
735 4158 1031 4258 depredacionis.
1052 4155 1128 4233 Sed
1149 4157 1257 4234 nobis
1275 4158 1375 4236 velle
1393 4157 1491 4234 nolle

370 4287 452 4384 jnm
470 4305 552 4361 oum
572 4283 713 4362 Cesere
731 4284 857 4362 Turno
875 4283 1001 4360 fedum
1019 4283 1223 4360 habeamus
1240 4283 1337 4360 tholi
1357 4283 1485 4378 modo;

375 4409 474 4510 quod
492 4410 570 4488 Sne
588 4411 771 4510 Mnjestos
789 4411 838 4490 sit
859 4410 1049 4510 pollicitus
1075 4409 1125 4485 nd
1151 4409 1261 4486 fidem
1280 4432 1386 4486 suom
1405 4433 1485 4487 oor·

376 4535 624 4618 roborandam
641 4537 823 4638 prophete
841 4536 1054 4633 Mohmetis‚
1075 4543 1113 4612 et
1130 4535 1489 4614 nosfidemnostrom

411 4821 443 4892 ο)
462 4817 590 4876 nosnos
609 4819 664 4877 nez
684 4821 757 4878 nor
776 4821 931 4880 nrororve.
