3294 5208
413 413 472 501 ’26

421 644 533 720 peres
559 645 623 698 eo:
657 622 766 720 „Non
802 643 1023 722 pessumus,
1052 625 1139 721 quia
1165 624 1266 700 iures
1298 645 1389 700 snas
1416 623 1542 700 walde

421 757 550 826 tenent
568 751 771 827 nubieulari
799 750 897 826 sui.“
928 747 993 826 Ait
1021 749 1235 848 Stephanus
1260 747 1541 826 thenenrsrius:

398 849 530 972 '„Eg0
566 899 715 976 semper
742 877 883 952 intrare
922 899 1072 974 possum
1092 883 1130 952 et
1168 881 1355 972 scrutere,
1394 876 1543 974 qnando

422 1023 519 1078 vnus
537 1003 755 1080 ’remanebit
790 1027 837 1078 ex
864 1003 1138 1081 eubieularibus
1165 1025 1248 1078 eum
1275 1025 1342 1097 eo,
1378 1009 1417 1077 et
1451 1009 1544 1078 tune

421 1149 619 1230 pessumus
659 1131 754 1206 bene
791 1129 917 1205 interit
952 1129 1076 1206 enm.“
1125 1130 1176 1205 ut
1212 1127 1544 1228 preaptieanerunt

422 1278 535 1332 vnum
553 1253 717 1351 gladium
742 1256 924 1334 triaeutas
950 1279 1051 1336 more
1079 1256 1336 1333 Bohemorum.
1366 1255 1417 1333 Et
1433 1263 1542 1334 ante-

421 1403 535 1479 quem
553 1381 652 1478 Regi
671 1383 1027 1481 prenostinnuerant‚
1040 1375 1140 1482 quod
1155 1382 1239 1458 dira
1256 1391 1375 1460 morte
1393 1389 1544 1482 oportet

422 1507 494 1587 sibi
530 1531 577 1586 ex
614 1508 685 1586 hoe
731 1510 865 1585 munde
900 1509 956 1587 ire
991 1509 1039 1586 ad
1084 1515 1231 1608 patrem
1267 1509 1472 1604 celestem·
1501 1517 1543 1584 et

423 1658 572 1734 semper
599 1635 640 1712 in
667 1637 880 1713 memoriam
926 1637 1089 1732 tenebat,
1127 1645 1165 1713 et
1190 1636 1228 1711 in
1255 1635 1366 1711 eorde
1392 1659 1542 1734 semper

421 1763 541 1840 tristis
572 1770 665 1840 erat.
695 1761 803 1856 Quod
815 1768 896 1864 jam
914 1765 986 1842 init
1004 1765 1088 1842 Rex
1107 1765 1324 1864 exploratus
1351 1787 1420 1862 per
1437 1787 1540 1840 eom·

422 1897 566 1990 patrem
596 1912 703 1967 suum
742 1891 971 1993 Stephanum
1007 1893 1187 1990 aecipien.
1227 1891 1309 1968 sine
1345 1891 1540 1976 manubrio

423 2015 628 2118 predietnm
654 2018 821 2115 gladium
850 2021 919 2096 sub
945 2020 1074 2095 tnniea
1100 2041 1190 2114 sue,
1219 2023 1258 2094 et
1293 2039 1419 2094 seeum
1447 2015 1541 2095 dnos

422 2145 519 2221 alios
536 2145 736 2244 principes,
763 2153 805 2222 vt
831 2170 988 2245 eumque
1015 2148 1207 2224 venissent
1224 2143 1273 2222 ad
1291 2145 1437 2240 ostium,
1458 2147 1540 2243 pul-

421 2294 509 2348 sare
527 2271 639 2368 eepit.
668 2271 718 2347 Et
736 2273 820 2349 Rex
838 2281 901 2350 tm.
931 2275 1034 2352 solus
1049 2277 1159 2373 juxta
1186 2274 1313 2370 ignem
1339 2271 1540 2348 ealeiaeie-

422 2400 487 2474 bat
504 2421 557 2493 se,
587 2403 625 2472 et
652 2399 800 2474 eratin
828 2423 917 2475 vere
945 2423 1072 2477 mense
1091 2397 1228 2498 Aprili.
1259 2396 1309 2473 Et
1336 2396 1430 2473 dixit
1454 2397 1540 2474 Rex

422 2523 674 2604 cubiculario:
707 2525 875 2624 „Videas
893 2528 978 2626 quis
998 2535 1075 2624 est3
1095 2529 1129 2605 si
1144 2526 1215 2604 erit
1233 2525 1368 2624 aliquis
1386 2531 1542 2622 exeepto

423 2651 624 2752 Stephano,
652 2675 726 2730 non
752 2655 933 2753 permitas
951 2655 1129 2733 intrare.“
1161 2655 1214 2730 Et
1231 2652 1364 2730 ostium
1392 2651 1542 2750 aperuit

421 2779 680 2874 nummularius,
700 2788 739 2856 et
757 2805 841 2860 mox
859 2783 982 2882 ipsum
999 2807 1068 2882 per
1085 2788 1255 2879 guturem
1284 2801 1391 2856 suum
1408 2785 1542 2876 raptus

422 2915 491 3004 est,
520 2913 558 2982 et
584 2905 677 2983 vidit
702 2908 951 2987 nubieularius
986 2908 1191 3008 perniciem
1221 2914 1393 2984 suamet
1428 2905 1539 3000 Regi.

427 3033 537 3110 Dixit
554 3033 630 3110 eis:
663 3033 772 3130 „Non
782 3033 1014 3112 interficiatis
1041 3057 1111 3110 me.
1140 3034 1239 3109 Eune
1261 3053 1332 3128 ego
1349 3033 1543 3108 vobisdum

370 3157 374 3168 ’
422 3165 503 3237 esto
522 3159 609 3236 volo
627 3159 733 3258 par.“
765 3160 1023 3238 Permiserunt
1041 3183 1145 3256 enm;
1173 3157 1375 3236 intromisit
1391 3181 1468 3234 eos.
1490 3157 1543 3233 Et

422 3307 505 3362 eum
516 3285 599 3361 Rex
617 3285 861 3383 vidisseteos‚
872 3285 970 3364 dixit
987 3287 1066 3365 eis:
1090 3285 1316 3386 „Amicimei
1329 3285 1465 3362 intran.
1477 3279 1535 3388 lii-i

423 3413 472 3490 ad
489 3411 797 3511 quidvenistis?“
827 3413 854 3493 J
856 3437 917 3490 am
927 3423 1098 3492 senserat
1116 3415 1198 3490 Rex
1208 3413 1412 3512 perniciem
1421 3435 1542 3491 suam.

422 3539 550 3617 Dixit:
583 3537 810 3640 „compater
846 3539 960 3618 einins
995 3541 1056 3616 lae
1091 3541 1192 3639 quod
1227 3540 1352 3618 faeere
1387 3540 1537 3618 vultis.“

421 3665 513 3742 Mox
541 3665 686 3764 eapien.
725 3665 868 3763 Regem
879 3675 918 3742 et
944 3667 992 3744 ad
1011 3689 1177 3744 mensem
1196 3687 1307 3766 super
1325 3667 1539 3766 projmien..

423 3793 475 3868 Et
507 3793 695 3889 evaginat
728 3793 924 3871 tridentum
961 3792 1127 3891 gladium
1163 3795 1233 3870 snb
1268 3793 1383 3892 palio,
1421 3801 1460 3870 et
1494 3793 1541 3870 de

419 3941 551 3998 seorso
569 3916 640 3996 snb
658 3919 783 3996 natine
801 3928 991 3998 truserunt
1018 3941 1134 4017 usque
1153 3919 1200 3996 ad
1218 3925 1357 4017 peetus.
1396 3919 1450 3994 Et
1473 3921 1541 3994 tri·

419 4049 490 4124 bns
508 4045 639 4125 diebus
667 4071 714 4124 ae
738 4048 862 4126 tribus
891 4047 1062 4124 noetibus
1091 4069 1172 4123 eum
1201 4048 1379 4144 clangore
1405 4027 1542 4144 magno

421 4173 566 4269 ululat,
595 4181 633 4249 et
660 4175 765 4250 multi
802 4175 979 4252 volebant
1007 4173 1134 4250 videre
1170 4173 1358 4252 crudelem
1387 4181 1542 4250 mertem

421 4323 536 4396 suam,
556 4299 666 4378 hawd
683 4301 867 4379 neminem
884 4304 1134 4401 permitebent
1157 4302 1298 4380 intrare
1316 4301 1366 4377 ad
1384 4285 1540 4398 Regem.

378 4473 382 4482 .
422 4425 505 4504 Hoe
522 4435 604 4504 erat
621 4427 660 4504 in
679 4427 977 4528 quadragesima.
1294 4407 1299 4416 ⁸

526 4552 579 4630 ut
604 4577 738 4656 eorpus
766 4557 886 4654 Regis
913 4558 1168 4658 imposuerunt
1196 4577 1312 4654 snper
1337 4562 1457 4630 ratem
1475 4575 1542 4652 per

418 4677 571 4758 fluuium
589 4681 699 4784 Ister,
731 4693 770 4764 et
795 4685 1002 4784 remigans
1029 4689 1115 4762 erat
1131 4683 1180 4762 nd
1200 4682 1355 4762 Buden.
1386 4683 1438 4758 ut
1455 4689 1533 4760 tnta
