3226 5220
336 383 465 534 Ι200

388 649 568 751 Stephani
596 650 685 725 feeit
710 673 846 728 vocare
873 651 922 728 ad
939 652 1211 752 oaplanatum.“
1242 652 1292 729 Et
1318 653 1503 750 quomodo

387 777 645 853 deelarauerat
663 777 902 876 dispensator
922 779 1098 876 ciuitatis,
1119 785 1160 856 vt
1178 779 1343 856 viderem
1361 786 1503 856 sertam

387 927 507 980 meam
526 903 761 1003 aplicandam
786 908 896 1002 juxta
924 908 1188 1002 mediastrum,
1218 911 1393 1002 quattuor
1410 928 1506 981 veru

388 1027 645 1106 constituendo
664 1027 759 1104 dixit
777 1031 1015 1130 dispensator
1035 1060 1044 1106 ε
1068 1031 1251 1128 „Domine
1271 1029 1435 1128 Georgi,
1457 1055 1504 1106 ex

242 1195 246 1204 .
387 1163 562 1255 quattuor
589 1157 667 1234 illis
693 1163 759 1232 tua
786 1165 844 1232 est
871 1159 1003 1238 vuus.“
1041 1159 1092 1233 Et
1120 1159 1297 1257 quioquid
1323 1158 1440 1234 habui
1466 1157 1505 1232 in

387 1283 555 1384 hospicio
594 1307 676 1360 meo
714 1307 775 1360 res
812 1308 915 1362 meas
950 1285 1131 1384 paulatim
1169 1284 1216 1361 ad
1245 1308 1358 1362 vnum
1384 1286 1506 1362 oiuem

389 1412 609 1508 Hungarum
628 1417 877 1509 portaueram.
908 1410 1031 1504 Quum
1044 1415 1123 1510 jam
1143 1413 1290 1489 ductum
1310 1419 1392 1490 erat
1408 1419 1505 1488 tota·

385 1541 492 1634 liter,
519 1543 653 1637 postea
671 1559 783 1612 vnum
803 1560 937 1636 equum
956 1540 1089 1636 rogaui
1108 1541 1156 1616 ab
1176 1563 1248 1616 vno
1267 1539 1507 1618 adolescente

388 1675 424 1745 et
441 1689 510 1766 per
528 1687 640 1740 vnum
659 1687 794 1762 equum
813 1665 1142 1764 euourriadNagh
1161 1665 1246 1762 Ida3
1267 1666 1368 1744 etde
1389 1665 1504 1762 Negh

388 1793 457 1868 Ida
476 1791 524 1866 ad
543 1771 726 1886 Ghenohp
746 1797 784 1866 et
802 1790 848 1866 de
868 1789 1029 1868 Ghenoh
1049 1792 1096 1867 ad
1116 1791 1271 1868 Heoem.

676 2060 1037 2164 -(one1uuuum
1074 2060 1195 2166 our).

496 2257 646 2337 Extune
663 2260 790 2336 audiui
816 2283 900 2338 esse
928 2261 1071 2358 Regem
1099 2263 1285 2340 Joannem
1304 2262 1343 2338 in
1362 2261 1505 2338 Debre-

390 2385 505 2478 ehen,
534 2393 572 2460 et
598 2385 844 2465 Franciaoum
873 2386 977 2463 Bodo
1005 2411 1088 2463 oum
1123 2388 1294 2465 trioentis
1321 2387 1506 2485 equitibus

392 2518 447 2586 tot
464 2511 652 2609 peditibus
670 2517 824 2588 habetat
842 2509 877 2614 ²⁸²)
896 2513 936 2588 in
955 2511 1075 2589 Zanto
1094 2535 1179 2589 esse
1197 2511 1236 2586 in
1254 2513 1422 2610 profesto
1442 2535 1505 2586 na·

389 2639 547 2715 tiuitatis
585 2639 748 2715 Domini.
778 2635 869 2739 llll·
900 2639 952 2714 Et
977 2646 1162 2716 venerunt
1188 2637 1260 2716 duo
1293 2638 1506 2716 huzarones

392 2766 437 2840 de
465 2773 573 2864 parte
601 2765 721 2840 Zanto
750 2765 923 2862 opidulo,
954 2772 992 2840 et
1010 2771 1324 2863 pemootauerunt
1342 2763 1381 2840 in
1400 2763 1503 2839 Heus

280 2898 286 2916 '
391 2891 491 2989 apud
518 2891 731 2989 plebanum.
761 2891 812 2965 Et
837 2891 876 2964 in
903 2913 996 2966 sena
1024 2891 1243 2990 inceperunt
1270 2889 1444 2967 fabulare
1471 2897 1506 2963 et

392 3017 595 3094 dicebant:
629 3017 753 3114 „Vere
781 3015 954 3092 fefellunt
981 3017 1102 3116 ipsum
1130 3015 1374 3094 Franoisoum
1402 3015 1505 3092 Bodo

390 3167 481 3242 pars
511 3141 759 3238 Germanica3
798 3143 885 3240 quia
913 3165 983 3239 ego
1016 3145 1096 3240 jam
1124 3143 1252 3218 audiui
1280 3143 1319 3217 in
1347 3141 1505 3218 oonoilio

391 3289 535 3362 eorum,
557 3268 796 3344 Valendinus
814 3267 992 3364 Theren,
1013 3277 1050 3344 et
1069 3269 1212 3344 Paulus
1232 3269 1397 3368 Bakytt,
1418 3265 1504 3364 quid

392 3394 465 3494 ipsi
485 3393 728 3470 decreuerunt
746 3394 905 3470 intense.
925 3395 1068 3472 Verum
1089 3394 1247 3492 quidem,
1270 3395 1368 3492 quod
1387 3393 1504 3468 Fron·

392 3523 515 3598 oisous
535 3520 639 3596 Bodo
658 3523 854 3620 prevaleat
872 3544 955 3618 eos,
975 3523 1009 3599 si
1027 3523 1084 3599 eis
1102 3547 1177 3598 uon
1196 3522 1400 3599 erederet.“
1424 3519 1501 3596 Hoc

392 3672 463 3744 ego
492 3645 639 3722 audien.
668 3649 840 3724 volebam
870 3648 944 3724 oito
964 3649 1012 3724 od
1031 3648 1274 3725 Francisaum
1295 3647 1398 3724 Bodo
1425 3669 1503 3722 our-

393 3797 479 3851 rore
499 3773 610 3850 valde
629 3797 758 3869 mane,
788 3775 1027 3872 quamobrem
1045 3781 1200 3874 propter
1218 3775 1353 3851 festum
1373 3771 1504 3850 uotiui-

392 3901 500 3994 otis,
529 3899 735 3997 quoderat
764 3901 932 3976 solenne.
962 3899 1116 3974 Interim
1136 3901 1379 3994 veniliam,
1410 3895 1503 3996 quod

393 4049 501 4102 mane
520 4025 630 4102 valde
650 4027 857 4124 equitasset
875 4025 1056 4105 aduersos
1074 4026 1243 4123 Agrium,
1264 4035 1305 4102 vt
1324 4026 1503 4125 arriperet

393 4153 441 4227 ad
459 4159 603 4250 partem
622 4153 783 4230 Joannis
802 4153 931 4252 Regis.
958 4153 1126 4251 Cumque
1145 4153 1294 4248 audiui,
1316 4153 1414 4252 qood
1431 4160 1501 4226 tam

393 4279 584 4355 solennem
604 4279 700 4356 diem
718 4281 993 4379 preterireunt:
1018 4281 1143 4378 „Vere
1163 4281 1259 4356 male
1279 4281 1369 4356 feeit
1387 4280 1501 4356 Fran-

393 4395 657 4501 circueundo,
689 4407 786 4505 quod
815 4407 911 4484 diem
940 4407 1223 4486 celeberrimum
1248 4429 1321 4483 non
1340 4403 1500 4482 solenni·

395 4533 532 4608 nauit.“

433 4749 454 4806 ’)
473 4742 602 4800 Ko'sdbbi
622 4743 676 4804 ke'z
695 4763 765 4802 enen
783 4749 846 4804 anot
865 4747 1010 4804 hirundine.
