3226 5220
402 477 479 603 na

398 745 511 822 super
536 745 595 797 me
621 719 748 819 possis
774 719 986 823 exemplum
1012 717 1181 819 habere,
1219 719 1309 821 quia
1337 743 1407 820 ego
1436 737 1521 796 non

398 851 554 926 multum
582 847 722 925 durabo
747 850 787 925 in
814 850 1015 948 Regietate
1042 849 1309 946 Hungarorum
1329 857 1367 925 et
1383 845 1523 923 statim

399 975 592 1053 deseendit
619 999 757 1052 corona
789 979 964 1074 angelica
990 978 1039 1052 ad
1064 977 1164 1053 filios
1191 985 1288 1054 tuos.
1324 973 1524 1072 Equidem

398 1102 558 1198 egotibi
581 1123 753 1198 assumo,
785 1101 883 1200 quod
911 1125 981 1200 ego
1009 1128 1084 1179 non
1111 1102 1445 1196 matrimonixabo‚
1476 1103 1527 1170 vt

398 1251 468 1323 ego
487 1251 724 1327 procrearem
744 1238 874 1306 contra
898 1231 1041 1308 liberos
1059 1237 1154 1306 tuos.
1185 1228 1284 1321 Quia
1303 1229 1430 1306 sinon
1450 1225 1523 1299 de-

397 1355 493 1431 sinis
513 1361 642 1430 contra
666 1377 725 1429 me
752 1356 891 1452 venire,
923 1363 1058 1431 extunc
1084 1363 1273 1455 protestor
1291 1353 1374 1430 Deo
1394 1349 1522 1428 omni·

396 1481 552 1578 potenti,
573 1487 610 1554 et
628 1480 785 1557 filiosuo
799 1481 947 1559 domino
966 1489 1092 1558 nostro
1111 1481 1205 1558 Jesu
1225 1477 1391 1574 Christo,
1411 1477 1522 1575 quod

397 1614 551 1684 actenus
580 1607 751 1705 quidquit
778 1610 937 1684 eueniet
969 1631 1081 1707 super
1109 1631 1178 1684 vos
1205 1614 1243 1682 et
1269 1628 1384 1705 super
1411 1604 1523 1680 filios

398 1739 544 1810 vestros
563 1734 747 1830 interitus,
768 1735 990 1834 depredacio
1008 1735 1231 1832 populorum
1250 1741 1288 1807 et
1307 1727 1513 1830 effusiol³·l

398 1881 473 1934 non
492 1865 550 1934 est
568 1861 679 1958 eulpa
697 1883 801 1958 mea,
822 1869 860 1936 et
877 1860 950 1936 hac
968 1861 1028 1936 die
1046 1883 1121 1936 non
1139 1860 1247 1936 erit.“
1279 1859 1331 1934 Et
1358 1857 1522 1955 scripsit

396 1984 516 2060 eciam
533 1986 734 2062 secundam
759 1988 959 2086 epistolam
978 1987 1026 2062 ad
1043 1985 1284 2082 Hungaricos
1302 1991 1521 2080 magnates,

395 2110 572 2210 precipue
600 2109 791 2211 Stephano
819 2114 949 2211 Batorj
969 2121 1007 2187 et
1033 2111 1178 2188 Thome
1206 2111 1383 2210 episcopo
1411 2107 1520 2186 Ves-

394 2235 611 2334 primiensi‚
632 2247 670 2313 et
689 2238 868 2314 dicebat:
892 2239 1037 2337 „Veni,
1066 2239 1214 2314 domine
1242 2237 1431 2337 palatine,
1462 2235 1521 2310 ad

396 2361 544 2438 domum
570 2370 673 2438 tuam
691 2363 903 2441 Budensem
922 2373 959 2440 et
977 2365 1026 2440 ad
1043 2363 1206 2440 officinm
1231 2361 1521 2440 Themeswari-

397 2511 506 2586 ense;
526 2488 561 2565 si
578 2511 722 2588 pauper
741 2515 795 2588 es,
816 2491 862 2567 de
877 2498 1096 2590 paupertate
1112 2499 1176 2566 tua
1189 2513 1389 2590 possumus
1407 2489 1520 2587 quic-

396 2635 507 2710 quam
534 2597 673 2714 facere,
703 2619 801 2715 quod
829 2644 903 2696 non
931 2621 1006 2696 eris
1032 2643 1196 2719 pauper,
1225 2619 1272 2694 de
1299 2617 1519 2716 egritudine

396 2748 524 2818 vestra
541 2741 613 2818 hoe
627 2746 707 2841 jam
725 2745 832 2822 Deus
850 2753 976 2844 potest
993 2747 1154 2822 lacere.“
1177 2746 1230 2820 Et
1237 2745 1300 2822 isti
1309 2744 1518 2845 prescripti

395 2869 469 2946 viri
488 2869 537 2945 ad
555 2869 628 2947 iter
646 2871 687 2948 iu
705 2871 939 2968 legacionem
965 2879 1264 2972 preparauerunt
1291 2895 1333 2950 se
1350 2872 1400 2947 ad
1416 2867 1519 2947 Fer-

395 2996 608 3074 dinandum.

503 3121 626 3216 Quum
645 3133 777 3201 essent
799 3128 878 3226 jam
897 3127 944 3202 ad
963 3127 1173 3225 quindecim
1192 3125 1355 3204 miliaria
1373 3148 1397 3200 a
1414 3120 1518 3198 Stri-

395 3249 507 3346 gonie
526 3251 566 3324 in
583 3275 659 3325 vua
676 3253 782 3349 villa,
803 3253 1018 3352 Stephanus
1036 3254 1213 3332 Verbcch
1231 3255 1323 3329 fecit
1341 3275 1381 3329 se
1400 3271 1517 3346 egro-

395 3381 532 3472 tatum,
552 3383 589 3450 ct
607 3377 776 3473 neglexit
793 3402 834 3454 se
853 3381 909 3454 ire
928 3380 975 3454 ad
993 3381 1201 3480 principem
1219 3377 1519 3489 Ferdinandum

397 3509 435 3576 et
452 3501 525 3578 duo
544 3501 602 3578 illi
621 3505 883 3601 equitauerunt
906 3505 1050 3604 Regem
1068 3506 1357 3583 Ferdinandum.
1387 3507 1438 3582 Et
1457 3505 1518 3580 ibi

394 3627 623 3706 obtullerunt
641 3630 851 3730 epistolam,
873 3640 912 3708 ct
929 3656 1042 3710 vnum
1061 3656 1195 3731 equum
1214 3633 1515 3710 Turcalcmcum

395 3754 555 3832 hornatu
573 3779 642 3834 suo
661 3764 699 3832 et
716 3759 795 3836 alia
821 3762 951 3858 varia3
971 3768 1009 3838 et
1026 3759 1219 3860 Stephano
1245 3760 1416 3861 palatino
1435 3759 1515 3835 Ba-

395 3881 468 3958 tori
497 3903 580 3958 oum
607 3884 688 3961 suis
720 3887 998 3966 consiliaribus.
1037 3887 1160 3982 Quum
1195 3887 1446 3986 perlegissent
1474 3895 1517 3962 et

395 4007 675 4086 intellexissent
702 4013 860 4090 clamen.
881 4023 919 4090 et
937 4015 1087 4090 dicen:
1118 4013 1195 4113 „Ol
1225 4013 1347 4090 adhuc
1375 4013 1515 4090 melius

395 4135 559 4236 suplicat
577 4145 614 4212 et
631 4147 761 4235 rogat,
790 4149 855 4218 tm.
881 4143 1066 4220 modicum
1095 4143 1275 4241 spectat.“
1306 4139 1407 4234 Quia
1429 4143 1513 4240 jam

395 4273 693 4360 preparauerant
711 4290 752 4344 se
771 4269 875 4368 ipsos
893 4294 1006 4369 super
1025 4277 1207 4368 aquamet
1219 4275 1358 4376 terram
1375 4290 1515 4344 versus

397 4387 551 4468 Budam.
582 4393 658 4491 „Et
681 4393 793 4471 dicite
819 4421 888 4496 pro
916 4403 1131 4498 pentecoste
1159 4395 1258 4492 Regi
1277 4403 1318 4470 vt
1335 4402 1515 4494 expectat

399 4515 448 4590 ad
466 4515 632 4595 diuinum
651 4523 820 4624 corporis
839 4521 1018 4602 Christi.“
1050 4523 1102 4626 Et
1120 4545 1204 4600 cum
1222 4522 1375 4601 diuersa
1391 4521 1513 4600 multa

395 4642 512 4718 verbu
537 4643 720 4724 dedecora
747 4647 985 4748 intingebant
1010 4651 1116 4750 ipsos
1142 4649 1250 4748 quasi
1269 4647 1450 4748 deliran.;
1471 4659 1513 4728 et

396 4767 519 4872 ipsum
545 4767 730 4854 Joanncm
759 4775 895 4879 Bauffy
922 4777 1114 4878 captiuare
1139 4778 1230 4856 fecit
1245 4785 1398 4880 propter
1416 4797 1512 4856 cau·
