3294 5208
1204 448 1228 524 3

102 677 172 732 sus
192 653 445 750 Hungariam,
465 651 530 729 vbi
547 649 733 726 interdum
752 671 844 746 sepe
862 647 1011 724 solebat
1029 645 1228 743 prandium

103 791 143 859 et
171 805 304 858 cenam
332 809 378 856 as
407 782 663 876 wismarsetwt,
693 777 803 856 inse
835 778 995 850 eibueola
1023 773 1122 868 quod
1153 799 1229 851 uon
1257 821 1260 828 ,

106 911 313 1004 imperaret
331 903 538 998 Hungaris3
559 909 596 976 et
613 903 758 976 olauem
772 903 890 998 janue
908 923 983 974 non
1001 909 1167 996 regeret3
1187 903 1228 976 in

109 1057 154 1108 se
173 1033 352 1126 decreuit,
373 1030 472 1126 quod
489 1029 709 1104 Ladislaum
720 1025 1134 1126 Hunyadinterfieeret.
1154 1027 1228 1104 Fe-

108 1161 163 1234 oit
180 1160 344 1234 inuitare
362 1156 569 1254 predictum
584 1153 804 1229 Ladislaum
816 1153 865 1228 ad
882 1153 1071 1251 palacium
1090 1154 1139 1228 ad
1157 1155 1227 1228 ali-

107 1309 184 1383 qua
211 1286 341 1360 verba.
371 1281 467 1358 Cum
491 1281 659 1379 spatario
687 1302 755 1355 sno
784 1280 855 1353 iuit
882 1279 1053 1375 adeum,
1084 1287 1122 1356 et
1140 1305 1228 1356 mox

109 1413 269 1510 protulit
286 1433 399 1486 vnum
426 1410 601 1484 taxillum
619 1407 669 1480 ad
686 1405 897 1481 ludendum.
927 1405 974 1480 In
998 1405 1086 1482 ludo
1106 1409 1226 1505 sepis-

109 1539 205 1612 sime
234 1537 438 1612 Ladislaus
466 1535 671 1630 Hungarus
701 1532 923 1608 Alemanum
950 1534 1172 1629 preualebat
1188 1535 1229 1609 iu

109 1664 219 1758 ludo;
247 1685 335 1737 mon
363 1659 514 1736 inflatus
543 1661 613 1734 suit
641 1657 825 1758 Gyllingh
853 1657 971 1756 Ispau
989 1661 1029 1733 in
1056 1665 1223 1736 stomaeo

111 1812 177 1864 suo
201 1787 389 1885 superbie.
419 1787 470 1860 Et
498 1793 579 1862 erat
606 1786 666 1860 vir
692 1783 802 1860 fortis
829 1807 987 1879 magnus
1016 1785 1057 1860 in
1084 1793 1228 1862 statura

111 1937 191 1990 sua.
213 1915 265 1988 Et
283 1914 419 1990 ostium
434 1912 622 2010 palacium
633 1918 715 1986 erat
732 1897 847 1986 nimis
864 1911 1138 2008 repagulatum,
1159 1937 1229 1990 nee

112 2048 219 2116 extra
237 2063 307 2114 nee
326 2041 424 2114 intro
443 2039 602 2134 quilibet
620 2037 741 2138 potuit
759 2036 958 2131 ingredere
977 2045 1014 2112 et
1032 2039 1225 2134 egredere.

113 2166 202 2240 Mox
220 2165 427 2240 Alemanus
446 2164 676 2258 eweginauit
687 2163 886 2238 bieeellum
904 2185 1012 2238 suum
1031 2166 1227 2243 rotundum

114 2289 528 2366 more·Germanorum.
557 2289 723 2364 Fortiter
750 2310 833 2362 oum
859 2290 949 2364 totis
973 2292 1117 2368 viribus
1145 2296 1225 2371 suis

114 2417 318 2491 Alemanus
328 2407 622 2512 persequebatur
639 2416 679 2490 in
696 2415 846 2512 palaeio
867 2416 912 2491 de
930 2420 1069 2513 angulo
1089 2421 1138 2495 ad
1156 2445 1223 2496 an-

112 2543 240 2636 gulum
268 2543 381 2616 istum
407 2540 627 2616 Ladislaum
655 2541 889 2638 Hungarum.
919 2543 971 2618 Et
997 2569 1073 2620 vna
1100 2553 1221 2628 statua

114 2663 215 2743 erat2
230 2663 242 2768 ζ
256 2667 295 2741 in
314 2666 436 2741 medio
454 2667 596 2764 palaeii
615 2667 661 2740 de
678 2667 783 2762 ligno
803 2669 998 2766 fabricata,
1014 2675 1094 2768 jam
1113 2677 1223 2752 ambo

113 2795 215 2870 illam
233 2795 575 2870 eiroumeurrebaut
593 2793 751 2889 quilibet
769 2817 890 2891 prose
909 2796 948 2872 in
967 2797 1223 2874 defensionem

114 2919 285 3016 babebat,
307 2927 343 2994 et
360 2920 466 2993 illam
479 2926 640 2994 statuam
651 2941 733 2993 eum
750 2921 910 2996 bieeello
930 2923 1112 2998 winerata
1130 2934 1222 3001 erat.
1298 2957 1314 2968 ·

113 3046 282 3122 Tandem
309 3045 511 3121 Ladislaus
535 3043 767 3148 Vaydafia*)
782 3049 862 3143 jam
881 3047 1104 3146 desistebat,
1134 3054 1224 3148 quia

109 3174 290 3248 bieeellus
318 3173 440 3271 ipsius
464 3173 593 3248 breuis
621 3178 659 3248 et
677 3174 875 3270 sepissime
904 3198 973 3272 pro
1002 3177 1225 3255 defensioue

109 3323 177 3376 sua
209 3299 348 3396 eapitis
375 3305 504 3374 eontra
532 3297 763 3374 Germanum
789 3301 953 3377 inserita
972 3312 1072 3401 erat,
1106 3307 1222 3384 idest

114 3428 246 3500 oborta
263 3429 369 3500 wala.
399 3425 538 3500 Postea
563 3447 639 3499 vna
666 3449 796 3502 menso
815 3435 896 3502 erat
914 3429 960 3503 de
979 3430 1084 3526 ligno
1108 3435 1224 3510 fabri·

113 3561 206 3626 rata.
245 3549 450 3627 Ladislaus
481 3552 685 3652 Waydafia
712 3555 830 3628 veluti
861 3556 1022 3652 elipeum
1051 3562 1223 3658 obposito

115 3679 275 3772 ponebat
303 3701 372 3775 pro
392 3678 561 3756 defensio
590 3679 727 3775 eapitis
745 3680 815 3754 sui.
837 3679 888 3753 Et
909 3681 989 3756 vidi
1007 3691 1168 3760 statuam
1187 3695 1225 3762 et

115 3827 278 3878 mensam
305 3805 538 3878 wineratam.
576 3805 810 3881 Postremum
838 3785 1019 3904 paruulrs
1047 3813 1224 3890 audiebat

116 3939 221 4006 extra
248 3937 336 4004 ante
372 3931 528 4024 ostium,
566 3930 665 4026 quod
699 3931 869 4008 dominus
896 3957 985 4010 suus
1021 3935 1224 4014 Ladislaus

117 4055 315 4154 Waydafia
328 4059 408 4154 jam
436 4057 581 4131 demum
600 4057 786 4133 clamabat
804 4059 843 4132 in
862 4061 1085 4158 adJutorium
1104 4087 1221 4140 suum.

117 4179 204 4256 Mox
222 4184 404 4280 paruulus
423 4179 594 4258 Ladislai
607 4183 704 4279 fugit
722 4185 770 4258 ad
787 4186 1027 4284 interjanuas
1046 4192 1221 4287 satrapis.

119 4305 167 4380 Et
183 4319 264 4383 erat
282 4309 450 4384 centurio
468 4310 618 4385 nomine
629 4310 742 4406 Nagh
762 4310 891 4389 Simon
901 4313 1115 4412 Hungarus.
1138 4317 1222 4412 „Si-

114 4439 200 4526 tote,
219 4433 317 4508 dixit
334 4436 537 4532 paruulus,
557 4435 656 4553 quod
674 4437 801 4512 statim
820 4437 1006 4516 dominum
1026 4442 1223 4518 interfieiet

149 4697 180 4763 θ)
194 4695 332 4770 Huuyadi
345 4695 459 4754 Ldarld.

961 4798 981 4874 1
993 4799 1012 4842 2
