3226 5220
425 479 502 558 222

425 687 517 770 erat,
530 685 567 755 ot
584 699 764 754 summam
783 675 936 752 missam
954 675 1178 772 tempestive
1197 674 1251 748 ibi
1270 675 1368 750 steti.
1390 673 1537 751 Ettuno

428 807 512 884 Deo
532 805 732 904 adjuuante
756 797 999 878 Gotthartum
1026 801 1129 876 Kwn
1155 803 1209 878 ibi
1236 805 1381 901 reperi,
1412 811 1448 879 ct
1474 805 1544 884 Jo-

427 956 562 1009 anncm
572 932 693 1031 Docy,
715 935 753 1005 et
771 927 970 1004 Nicolaum
988 925 1196 1003 Literatum
1216 928 1382 1006 Kerwsi.
1402 929 1544 1008 Iterum

425 1055 723 1156 gratulabundus
759 1077 883 1149 eram,
914 1059 951 1129 et
978 1052 1180 1129 dixerunt:
1214 1054 1354 1151 „Pater
1385 1056 1543 1154 Georgi,

429 1211 544 1289 quare
563 1209 604 1263 es
621 1183 729 1261 liuidi
741 1181 878 1258 coloris
898 1181 1006 1278 quasi
1024 1180 1263 1258 homicida?“
1287 1183 1379 1259 Dixi
1400 1211 1409 1260 ε
1434 1185 1544 1283 „Nou

429 1340 511 1394 sum
523 1317 555 1412 ;“
578 1313 645 1391 sed
664 1311 741 1386 dixi
761 1311 828 1405 eis,
850 1308 1028 1405 quomodo
1047 1308 1249 1386 accidisset
1267 1310 1306 1385 in
1325 1309 1451 1410 Capos
1481 1336 1546 1388 ex-

428 1443 616 1520 actoribus
634 1441 680 1515 de
699 1437 940 1532 Oassouien.‚
962 1435 1059 1513 sicut
1077 1437 1258 1536 scriptum
1276 1445 1346 1515 est.
1369 1439 1421 1514 Et
1438 1439 1546 1516 dixe·

360 1655 361 1660 a
428 1579 515 1649 runt
534 1597 542 1644 :
567 1568 692 1666 „Vere
710 1565 899 1660 iramagna
917 1564 1134 1640 fortuuitate
1153 1564 1294 1640 fuisti.“
1318 1565 1370 1640 Et
1388 1566 1441 1643 ibi
1459 1591 1548 1666 per·

433 1696 607 1778 seueraui
626 1715 748 1792 usquc
767 1691 815 1767 ad
833 1691 1149 1768 resurreccionem
1168 1690 1319 1769 Domini
1347 1693 1388 1768 iu
1414 1693 1549 1791 Hung-

429 1849 519 1922 var,
539 1831 577 1900 ct
594 1827 678 1922 post
695 1844 811 1920 pasca
830 1843 912 1895 cum
931 1817 1079 1896 Joanue
1098 1819 1206 1919 Dooy
1224 1822 1436 1918 peragravi
1464 1829 1551 1920 post

430 1953 575 2048 Regem
594 1949 620 2027 J
622 1970 779 2025 oannem
797 1946 847 2022 ad
865 1945 1037 2042 Regnum
1056 1945 1211 2022 Polouie
1229 1947 1268 2020 in
1288 1945 1488 2024 Taruowo.
1500 1947 1550 2022 Et

431 2080 515 2156 Rex
531 2099 676 2177 pauper
694 2097 778 2151 cum
797 2073 954 2150 vidisset
970 2071 1085 2148 dixit:
1098 2071 1199 2170 „Cur
1216 2074 1355 2150 venisti
1373 2082 1460 2174 post
1477 2099 1549 2172 me,

429 2214 539 2306 pater
557 2202 720 2299 Georgi3
742 2201 876 2278 melius
894 2199 1047 2298 potuisti
1065 2222 1124 2274 me
1144 2205 1344 2298 expectare
1363 2201 1550 2300 iuHung·

431 2334 546 2410 war.“
570 2332 719 2408 Extuno
738 2329 791 2404 ibi
810 2328 958 2404 astabat
968 2325 1176 2423 Gregorius
1195 2327 1359 2404 Pestieni
1379 2335 1417 2403 ct
1435 2328 1550 2406 dixit:

419 2459 562 2558 ¹„Beue
580 2455 681 2532 venit
698 2461 807 2554 pater
826 2451 1033 2549 Georgius,
1054 2452 1142 2551 quia
1160 2453 1265 2528 multi
1289 2477 1435 2551 sumus,
1466 2456 1552 2532 Rex

432 2581 735 2677 clementissime,
763 2582 903 2677 absque
922 2580 1171 2676 confessione3
1192 2581 1362 2678 quoniam
1382 2607 1455 2660 non
1482 2584 1553 2662 ha·

431 2713 577 2791 buimus
613 2711 861 2788 confessorem
897 2707 1079 2786 idecmata
1115 2709 1245 2806 lingua
1281 2717 1406 2787 nostra
1443 2711 1552 2790 Hun-

432 2839 598 2938 garioa.“
622 2837 673 2912 Et
691 2834 859 2936 precepit
877 2833 972 2930 Rex,
983 2841 1034 2909 .vt
1051 2835 1317 2914 confessionem
1336 2838 1497 2916 audiam.

539 2964 612 3040 Hic
626 2965 705 3062 jam
724 2961 909 3060 queritur:
931 2962 1064 3039 Vtrum
1088 2963 1289 3062 potuissem
1318 2965 1447 3043 audire
1477 2993 1553 3064 eos,

434 3099 499 3170 aut
516 3089 617 3168 non?
636 3089 864 3184 Potuissem,
886 3088 972 3186 quia
1000 3088 1127 3165 eodem
1154 3097 1318 3190 tempore
1345 3117 1418 3169 non
1445 3103 1557 3172 erant

432 3219 601 3319 plenarie
620 3216 840 3293 Lutteriani.
861 3215 910 3290 Et
928 3223 1011 3316 post
1028 3215 1220 3296 decessum
1240 3218 1419 3296 Ludouioi
1432 3220 1555 3319 Regis

433 3347 599 3425 Joannes
614 3343 772 3421 vaiuoda
791 3351 872 3420 erat
890 3349 1022 3421 vnctus
1039 3344 1078 3418 in
1097 3344 1239 3442 Regem
1260 3345 1444 3444 Hungari.
1457 3347 1555 3424 Ter·

435 3473 510 3566 cio,
531 3472 627 3571 quod
645 3472 779 3549 iustum
806 3471 946 3547 bellum
974 3471 1162 3567 abuimus,
1191 3471 1278 3570 quia
1304 3473 1454 3572 pvblice
1483 3499 1558 3553 nou

434 3600 615 3700 prebebat
641 3621 682 3677 sc
710 3621 792 3674 cum
820 3595 962 3674 Cesare
990 3597 1198 3674 Turoarum
1236 3598 1369 3676 adhuc.
1407 3597 1556 3692 Quarto

435 3727 638 3827 scripptum
675 3732 751 3820 est,
781 3725 1000 3825 quicumque
1029 3726 1095 3800 wlt
1122 3723 1170 3800 ad
1189 3725 1430 3825 baptissmum
1460 3724 1557 3832 (vel)

434 3853 701 3948 confessiones,
721 3877 793 3928 nou
811 3859 933 3951 potest
951 3875 1035 3930 seso
1054 3852 1244 3948 denegare
1264 3851 1403 3930 Sancta
1431 3853 1560 3934 Mater

436 3980 611 4060 Ecclesia
636 3979 893 4074 beneuolenti3
932 3979 1020 4077 quia
1050 4002 1122 4056 non
1159 3985 1216 4056 est
1242 3979 1433 4058 distinccio
1458 3981 1561 4060 inter

438 4107 582 4186 Grecos
610 4113 647 4183 et
672 4105 835 4200 Judeos3
864 4105 1111 4204 quincumque
1130 4107 1196 4182 wlt
1214 4105 1341 4183 venire
1361 4105 1409 4183 ad
1427 4131 1561 4187 recon-

437 4235 665 4313 ciliacionem
684 4233 804 4311 anime
824 4257 891 4328 sue
909 4257 978 4333 per
1001 4234 1260 4334 penitenciam.
1290 4233 1388 4327 Quia
1405 4235 1459 4312 ait
1488 4237 1560 4314 Di-

436 4383 506 4440 uus
535 4362 796 4460 Augustinus:
830 4361 888 4460 „0
906 4361 1035 4458 homo,
1065 4385 1136 4440 uon
1165 4385 1314 4462 possum
1340 4369 1377 4439 te
1406 4365 1562 4446 saluare

438 4490 517 4567 siue
536 4497 594 4588 te,
614 4497 761 4567 atamen
779 4489 905 4566 oreaui
924 4489 1004 4566 sinc
1022 4490 1096 4565 te.“
1119 4491 1171 4566 Et
1189 4489 1391 4591 preparaui
1413 4513 1473 4566 me
1502 4493 1562 4592 ip-

438 4639 517 4692 sum
536 4615 585 4692 ad
604 4615 825 4692 audiendum
845 4615 1082 4712 coufitentes,
1102 4615 1199 4692 iuter
1227 4640 1319 4715 quos
1347 4617 1563 4694 discernaui

437 4741 533 4817 inter
551 4743 692 4841 lepram
714 4749 752 4818 et
769 4743 848 4820 sinc
867 4744 1010 4840 lepram
1028 4741 1066 4816 id
1085 4749 1142 4820 est
1158 4743 1197 4818 in
1224 4743 1373 4823 mortali
1400 4753 1562 4844 peccato
