3260 5226
1130 571 1208 655 389

88 778 204 854 multi
223 771 442 872 currebant,
462 783 504 849 vt
526 773 773 851 concederent
791 795 877 850 sese
896 773 965 850 sub
984 773 1120 850 dicioni
1140 773 1212 852 Oe-

86 904 201 981 saris'
221 927 267 978 ac
294 907 531 1003 permaneret
565 901 605 976 in
632 898 787 999 pacifico
822 901 906 976 loco
945 922 1117 997 snorum;
1147 902 1214 978 sed

85 1033 237 1112 nullum
264 1051 484 1130 responsum
513 1029 693 1106 dederunt
719 1030 786 1106 eis.
817 1027 868 1103 ut
895 1027 949 1104 sic
975 1028 1214 1126 proferebant

88 1160 250 1239 Cesaris
271 1163 398 1234 Zotton
419 1161 531 1233 Zeb'm
543 1153 591 1259 ⁴¹).
612 1155 735 1247 Quum
749 1159 828 1254 jam
848 1155 1006 1231 vidisset
1024 1153 1212 1230 ciuitatem

89 1287 232 1364 Albam
252 1285 455 1381 Regalem‚
485 1289 522 1359 et
549 1284 858 1382 perlustrauisset
884 1305 967 1358 oum
995 1282 1114 1359 oculis
1133 1284 1214 1360 suis

88 1439 140 1491 ac
167 1435 251 1490 cum
279 1416 322 1489 eo
350 1410 503 1507 agmina
531 1433 600 1488 sua
626 1410 828 1487 dicebant:
854 1410 993 1506 „Vero
1007 1410 1080 1486 iste
1106 1411 1212 1487 locus

88 1549 152 1618 est
169 1541 270 1616 inter
287 1538 461 1637 palludes
479 1543 716 1633 cristatum,
743 1536 990 1614 Serenissime
1009 1534 1140 1613 Cesar.
1171 1535 1211 1613 Si

88 1671 244 1746 nullnnt
263 1665 364 1761 dare,
385 1689 460 1741 non
477 1689 673 1763 possumus
693 1664 859 1764 arripere
878 1663 996 1739 eam.“

201 1791 451 1886 Quamobrem
470 1792 634 1870 habebat
653 1791 773 1870 Cesar
792 1793 1003 1869 ancarum
1021 1797 1153 1886 gentes
1163 1813 1210 1866 er

91 1923 194 1998 omni
224 1921 401 2013 nacione,
430 1921 608 2022 precipue
626 1927 775 2017 gentem
795 1921 1036 2014 Traoianam‚
1057 1942 1102 1994 ac
1120 1917 1211 1993 Bnl·

89 2049 261 2147 garicam
280 2053 447 2144 gentem,
469 2071 514 2123 ac
532 2047 776 2124 Tartarones.
798 2047 974 2145 Preoepit
991 2053 1032 2120 vt
1049 2047 1123 2123 ista
1139 2046 1212 2122 tria

89 2173 293 2274 genelodia
328 2174 457 2270 lingue
482 2173 652 2250 nacionis
689 2175 875 2250 irruerent
900 2173 948 2248 ad
976 2174 1045 2250 sub
1082 2173 1211 2248 vrbem

91 2301 260 2402 ejusdem
280 2300 457 2394 ciuitatis;
477 2307 515 2375 et
533 2301 589 2378 sio
606 2300 744 2376 irruen.
760 2299 929 2402 predicta
947 2323 1042 2395 gens
1060 2320 1210 2398 repen..

90 2431 143 2506 Et
160 2428 247 2505 inde
265 2429 364 2505 intus
383 2428 629 2528 haydunones
647 2429 786 2529 hylary
805 2427 1038 2504 wltnaclcui
1057 2446 1212 2523 corpore

92 2565 274 2654 tanquam
301 2556 479 2632 falkones
507 2557 729 2654 spectabant
756 2579 819 2632 eos
847 2577 933 2652 gen.
963 2554 1160 2650 deputatos
1188 2576 1211 2627 a

97 2681 483 2779 CesareTurcarum3
504 2682 557 2758 ita
576 2681 723 2780 qnodin
735 2681 858 2781 prima
874 2682 995 2757 fronte
1014 2701 1139 2755 casum
1151 2678 1213 2753 de·

94 2811 229 2887 derant
246 2810 294 2884 ad
313 2817 468 2886 mortem
486 2811 561 2887 tria
580 2811 698 2886 millia
707 2831 976 2909 pagncnornm,
996 2815 1052 2884 tot
1069 2807 1212 2883 lucmm

92 2937 303 3014 habuerant
320 2937 493 3035 inprimis
512 2938 551 3012 in
570 2936 756 3013 conflicto.
777 2937 829 3012 Et
846 2934 1010 3034 gaudere
1021 2940 1210 3032 ceperunt,

93 3063 299 3140 exanimati
317 3063 477 3144 fuerunt.
507 3062 615 3140 Vidit
638 3059 759 3140 Cesar
777 3063 816 3138 in
834 3063 956 3162 prima
973 3063 1097 3139 fronte
1116 3059 1211 3135 ceci·

93 3193 197 3268 disse
214 3195 270 3265 tot
288 3190 391 3265 milia
410 3189 585 3286 degente
611 3213 700 3286 sua,
729 3189 862 3265 timuit.
891 3188 1060 3264 Diversit
1078 3211 1119 3264 se
1138 3185 1210 3262 Oe·

94 3343 159 3394 sar
178 3317 268 3392 ilico
287 3316 332 3390 de
350 3316 527 3393 suburbio
557 3316 720 3392 ciuitatis
739 3316 786 3391 ad
804 3317 925 3391 locum
953 3313 1085 3390 iterum
1100 3315 1211 3410 juxta

94 3445 332 3538 Danubium;
352 3444 513 3541 indeque
531 3442 702 3521 viderunt
720 3443 886 3521 Turoum
906 3439 1084 3520 Cesaram
1104 3438 1211 3538 quasi

93 3573 223 3669 fugam
242 3571 407 3648 dedisset
425 3593 564 3649 eornm.
740 3551 743 3558 ’

202 3695 337 3774 Statim
365 3697 505 3775 milites
533 3697 706 3794 Hungari
735 3719 848 3794 super
875 3716 992 3791 equos
1011 3691 1209 3769 ascenden.

94 3831 182 3924 post
208 3824 312 3922 ipsos
336 3847 360 3899 a
386 3831 493 3920 tergo
525 3823 677 3901 (tesam
705 3828 853 3918 gentem
881 3821 1099 3918 inceperunt
1124 3841 1209 3916 pro-

95 3961 266 4031 sternere
284 3951 332 4027 ed
350 3959 500 4047 terram,
518 3949 638 4028 Cesar
657 3947 753 4048 quod
772 3955 873 4025 esset
891 3972 914 4023 a
932 3947 1083 4022 ciuitate
1104 3946 1210 4043 quin·

96 4103 169 4179 qne
198 4078 379 4176 miliaria,
408 4103 492 4154 mox
520 4077 677 4156 dimersit
694 4099 737 4154 se
765 4083 896 4152 contra
922 4073 1125 4170 Hungaros
1151 4097 1210 4149 re-

99 4218 261 4286 trorsum
288 4206 487 4302 velociter,
507 4205 605 4304 quod
632 4211 739 4281 extm
765 4202 953 4278 ciuitatem
981 4209 1065 4300 post
1089 4199 1211 4298 ipsum

97 4341 357 4434 expugnarent
383 4343 529 4431 gentem
557 4357 674 4412 snam.
713 4331 802 4407 Mox
830 4327 951 4406 Cesar
978 4353 1025 4404 ex
1052 4335 1210 4425 utraque

107 4459 182 4562 ΠΗ
208 4485 365 4558 magnas
392 4461 475 4537 alas
504 4461 596 4538 duas
624 4457 823 4536 extendere
850 4457 940 4532 iecit
967 4455 1083 4532 aciem
1103 4477 1209 4531 suam

96 4588 318 4666 admodum
346 4587 458 4667 draco
487 4589 667 4690 expansis
695 4587 839 4666 orelata
865 4607 954 4680 sua,
984 4581 1029 4662 de
1057 4581 1208 4662 ciuitate

133 4873 167 4941 θ)
187 4869 317 4930 dedbbi
338 4871 393 4930 tta
411 4871 486 4930 tuat
504 4871 657 4929 kitdrdlre.
