3260 5226
1190 497 1269 632 mr

161 693 421 791 erat⁵maxima
439 731 528 808 pars
547 703 778 802 Georgium,
799 709 837 780 et
853 701 1160 782 reinterfecerunt
1173 703 1272 782 Pau·
1303 750 1308 771 ι

158 838 237 917 lum
264 837 602 936 arehiepiscopum.
639 835 692 909 Et
728 839 810 910 erat
845 829 956 908 valde
989 833 1029 908 in
1057 835 1273 934 crepusculo

157 965 289 1058 noctis,
310 970 347 1037 st
366 963 495 1038 domos
513 961 553 1036 in
570 959 664 1037 villa
681 959 769 1055 igne
788 981 959 1054 accensa,
979 966 1017 1034 st
1035 961 1105 1037 sub
1123 960 1273 1037 flamma

156 1075 247 1190 ig'ne
265 1090 462 1186 plusquam
482 1093 563 1162 orat
579 1087 619 1160 iu
638 1085 781 1162 dnobus
792 1085 895 1161 horis
914 1084 1103 1163 confliccio
1114 1095 1272 1165 exutra-

104 1298 108 1306 ,
161 1241 231 1316 que
250 1223 369 1316 parte.
397 1215 451 1289 Et
469 1237 627 1312 magnus
654 1213 811 1309 clangor
829 1217 930 1305 erat,
960 1212 1058 1310 quod
1075 1212 1114 1289 in
1133 1213 1275 1291 duobus

110 1391 112 1399 =
160 1343 387 1421 milliaribus
406 1343 565 1418 sonabat
581 1341 622 1415 in
639 1339 743 1416 aiere
761 1339 918 1435 clangor
936 1362 1076 1416 eorum.
1106 1340 1166 1418 Ita
1195 1343 1270 1422 fer-

158 1480 219 1547 tur
237 1469 399 1560 dixisse,
429 1466 527 1564 quod
545 1467 586 1543 in
603 1465 776 1544 conflictu
796 1463 953 1543 Cesaris
972 1465 1180 1544 anearnm
1200 1493 1273 1545 uon

160 1603 269 1673 erant
285 1601 339 1672 tot
356 1593 496 1670 milites
506 1593 684 1693 prostrati
702 1592 741 1667 in
760 1615 890 1690 campo
910 1591 1086 1669 Mohacb.
1107 1595 1217 1672 sicuti
1235 1597 1275 1672 in

160 1721 254 1798 hora
280 1719 411 1797 mortis
437 1719 619 1796 Lodovici
647 1717 779 1814 Regis.
810 1717 861 1792 Et
888 1726 1041 1796 caterua
1060 1717 1276 1820 Georgiana

160 1847 384 1948 permansit,
414 1847 525 1922 Pauli
554 1843 735 1921 Thomori
772 1845 881 1943 pauci
909 1853 1121 1922 evaserunt.
1159 1847 1275 1924 Belli·

159 1973 289 2050 ductor
308 1972 462 2071 Georgij
481 1972 640 2070 predicti
659 1971 856 2047 consilium
875 1971 1057 2068 inierunt,
1087 1979 1125 2049 et
1153 1972 1275 2052 Geor·

159 2101 262 2197 gium
280 2105 318 2174 et
335 2099 494 2176 Paulum
521 2097 709 2196 predictos
738 2098 936 2196 optimates
962 2099 1002 2173 in
1029 2123 1105 2175 vna
1122 2101 1276 2179 thomba

160 2249 369 2303 marmorea
386 2226 426 2301 in
445 2225 606 2301 eeclesia
618 2223 756 2300 ibidem
775 2225 879 2300 villa.
909 2224 961 2300 Et
987 2222 1129 2322 Regem
1147 2229 1277 2305 roluc-

160 2359 247 2429 runt
272 2351 312 2428 in
338 2351 590 2442 lintheamsn,
628 2351 737 2427 nudis
765 2343 923 2450 pedibus
952 2359 989 2428 et
1015 2353 1113 2430 nudo
1141 2356 1277 2454 capite,

161 2481 279 2557 ceiam
299 2478 338 2553 in
358 2499 474 2554 aurea
492 2476 646 2553 camisia
665 2499 735 2553 sua
744 2501 812 2576 per
821 2477 1008 2575 Reginam
1026 2487 1275 2578 preparatam,

161 2613 198 2683 et
215 2607 256 2682 in
275 2626 428 2682 auream
447 2611 616 2680 catenam
634 2611 785 2706 tenuem
795 2605 835 2681 in
845 2607 944 2684 collo
964 2607 1184 2705 pendentem
1195 2615 1277 2687 c'nm

159 2755 279 2832 parua
298 2753 427 2824 cruce,
453 2737 491 2805 et
509 2731 662 2806 anulum
691 2753 844 2809 aureum
863 2733 902 2808 in
921 2733 1037 2830 digito
1056 2733 1144 2811 fidei
1163 2759 1275 2834 oopu-

160 2857 319 2935 laoionis
346 2880 413 2954 pro
442 2857 551 2953 signo
579 2857 727 2933 demum
756 2867 890 2934 cuncta
924 2861 1000 2937 ista
1027 2863 1276 2960 permiserant

162 3006 274 3082 super
293 3005 377 3059 enm
390 2983 438 3059 ad
447 2983 765 3080 cognoscendum
785 2991 823 3060 et
838 2985 893 3062 sio
902 2987 1025 3086 ipsum
1044 2987 1281 3068 invaluerunt

160 3109 322 3210 propriis
340 3110 509 3187 vestibus
527 3111 606 3188 suis
624 3111 750 3189 tinctis
768 3112 968 3209 sangnine,
988 3116 1096 3212 quasi
1115 3139 1162 3192 ex
1181 3141 1278 3212 mar·
1407 3127 1409 3134 '

159 3239 293 3315 tiribus
319 3260 432 3313 vnum
460 3237 645 3316 duxeruut
680 3239 803 3316 media
839 3248 948 3316 nocte
976 3249 1180 3321 retrorsum
1208 3247 1278 3322 sub

158 3365 301 3464 rippam
320 3364 394 3439 laci
421 3387 538 3462 prope
564 3367 737 3444 villulam
765 3343 896 3444 Chele.
926 3369 977 3443 Et
995 3370 1031 3444 si
1051 3393 1276 3447 cauernaou-

159 3492 234 3566 lam
261 3489 436 3566 foderunt
464 3497 571 3566 nocte
604 3513 672 3588 per
699 3493 840 3570 lumina
868 3494 1147 3594 lampadarum,
1167 3497 1276 3574 stibi

159 3641 241 3694 enm
260 3616 514 3714 relinquendo.
544 3617 596 3691 Et
608 3619 729 3714 jacuit
755 3620 807 3697 ibi
835 3645 979 3722 pauper
1006 3621 1089 3698 Rex
1108 3621 1225 3702 Lodo.
1255 3649 1278 3700 a

159 3745 218 3820 die
238 3743 502 3821 Deoolaoionis
519 3743 682 3822 Joannis
702 3747 870 3846 Baptista
889 3772 1007 3847 usquc
1026 3749 1147 3827 odiam
1169 3751 1278 3828 Beati

160 3871 314 3949 Martini
333 3871 573 3949 confessoris.
602 3873 654 3948 Et
671 3871 841 3950 Joannes
865 3878 1026 3954 vaiuoda
1044 3902 1118 3955 non
1137 3885 1219 3955 erat
1238 3879 1277 3954 iu

157 3999 282 4094 bello,
313 4000 401 4098 quia
429 3999 627 4098 dupliciter
656 4021 739 4076 eum
766 4001 805 4075 in
833 4003 981 4078 exulem
1007 4003 1176 4082 lacerant
1195 4028 1277 4082 cum
1307 4047 1313 4056 ·

159 4125 266 4223 Rege
299 4123 416 4202 Lodo.
447 4125 636 4226 principes
656 4132 694 4201 et
711 4128 849 4224 prelati
877 4150 959 4204 cum
987 4123 1211 4226 regnicolis,
1230 4109 1278 4208 'et

160 4259 271 4330 extra
290 4275 485 4328 rancorem
515 4250 706 4351 Georgius
733 4251 970 4352 Sepusiensis
988 4279 1191 4352 germanus
1208 4257 1276 4336 Jo-

161 4379 270 4456 annis
298 4379 479 4455 waiuode.
508 4379 558 4454 Et
586 4403 669 4456 oum
697 4379 846 4458 audien.
875 4381 1019 4479 Regem
1044 4381 1161 4460 Lodo.
1198 4407 1274 4462 non

161 4505 383 4582 existentem
402 4505 442 4580 in
459 4483 654 4605 prouincia
672 4531 752 4605 sua,
773 4515 810 4583 et
825 4532 872 4584 ex
883 4515 1042 4608 utraque
1061 4509 1278 4587 Danubium

159 4631 226 4706 flui
245 4631 426 4730 reliquen.
452 4633 592 4730 lugien.
621 4641 758 4710 terram
778 4635 977 4734 optimates
995 4643 1034 4712 et
1051 4637 1218 4732 nobiles,
1239 4641 1278 4712 ct

157 4759 346 4855 ignobiles
364 4781 482 4858 usque
501 4765 549 4838 ad
568 4759 796 4860 Strigoniam
815 4769 852 4838 ct
870 4763 1014 4839 Budam
1032 4761 1177 4862 capion.
1197 4763 1276 4840 ceci
