3294 5208
396 473 449 550 42

400 672 477 773 psit
499 672 602 749 solus
628 671 824 748 Emerious
848 669 1020 765 Therek,
1042 670 1213 767 primum
1237 673 1517 770 possessionem

402 824 526 877 arcem
546 798 789 901 Gywlensem
809 800 847 873 in
867 799 1089 894 Kercskez;
1115 797 1314 876 secundum
1335 823 1459 878 arcem
1476 805 1517 877 in

403 925 558 1002 Zirimio
578 923 767 1020 Oberwgb
786 924 954 1024 proxime
983 923 1197 1001 Danubium
1216 924 1281 1001 flui
1300 950 1382 1003 cum
1400 929 1518 1027 perti-

403 1053 566 1148 nenciis3
592 1053 742 1126 tertium
772 1073 895 1125 arcem
926 1049 1078 1148 scripsit
1108 1050 1299 1128 Zabattka
1329 1053 1368 1128 in
1393 1054 1518 1130 Bach-

402 1202 510 1276 mege
529 1199 612 1254 cum
631 1176 862 1253 sessionibus
881 1177 978 1271 suis;
1005 1183 1175 1273 quartum
1194 1199 1318 1253 arcem
1337 1179 1519 1277 Vilagos-

402 1329 481 1381 war
500 1325 582 1379 oum
601 1302 844 1400 prouentibus
862 1302 953 1378 suis.
975 1301 1026 1376 Et
1035 1302 1144 1378 istam
1161 1304 1337 1381 minutam
1357 1313 1395 1380 et
1412 1307 1519 1384 dedit

404 1432 453 1507 ad
471 1454 602 1506 manns
622 1429 790 1526 Regine3
817 1437 854 1503 et
873 1429 1022 1526 Regina
1041 1431 1167 1506 statim
1186 1453 1267 1507 oum
1287 1433 1519 1512 consiliariis

404 1559 564 1634 inimicis
598 1552 760 1636 Joannis
793 1555 947 1632 Coruini
980 1560 1059 1654 jam
1093 1567 1223 1634 contra
1257 1560 1399 1637 liberos
1427 1585 1519 1638 suos

404 1687 501 1761 elam
526 1683 885 1778 determiuauerunt,
914 1684 1096 1781 quomodo
1120 1685 1255 1760 debent
1274 1687 1448 1783 interire,
1480 1699 1519 1764 et

404 1812 449 1886 de
469 1809 603 1887 mundo
623 1833 688 1886 eos
708 1811 928 1908 exstirpare.
950 1810 1104 1886 Interim
1125 1813 1273 1908 Regina
1283 1815 1372 1890 iecit
1381 1839 1518 1891 vocare

406 1939 618 2015 Emericum
643 1937 821 2032 'l'herek,
847 1945 884 2012 et
909 1940 1089 2036 aplieauit
1108 1947 1145 2015 et
1164 1940 1316 2016 donauit
1334 1943 1519 2040 epistolas

406 2067 636 2166 proscriptas
654 2065 1128 2143 donacionalesseubullas
1146 2069 1353 2163 bullarum,
1373 2077 1411 2144 et
1429 2093 1517 2168 por-

405 2195 531 2288 legere
560 2191 701 2267 fecerat
729 2197 926 2289 antequam
955 2194 1052 2267 irent
1076 2193 1123 2268 ed
1148 2195 1364 2271 tradendum
1383 2195 1518 2290 locum,

408 2341 517 2415 quum
550 2319 819 2416 perscultasset
846 2319 1021 2394 materias
1050 2319 1306 2396 donacionem.
1339 2321 1513 2420 ,Bene,“

406 2444 537 2542 inquit.
566 2444 617 2518 Et
644 2445 799 2543 insuper
826 2443 975 2542 Regina
1002 2446 1140 2521 donare
1168 2448 1257 2522 fecit
1284 2449 1400 2525 variis
1419 2449 1520 2525 caris

408 2573 519 2649 rebus
538 2595 620 2647 cum
639 2574 746 2669 equis
765 2581 921 2670 quatuor
939 2575 1111 2672 cespites,
1132 2583 1170 2650 et
1187 2575 1234 2650 ad
1251 2599 1436 2675 expensas
1447 2575 1519 2651 duo

407 2699 512 2775 milia
527 2697 778 2801 magarcas*),
800 2707 836 2774 et
854 2699 1065 2799 spopondit,
1086 2707 1125 2774 vt
1145 2709 1244 2778 esset
1263 2703 1381 2778 cultor
1398 2703 1518 2779 bonus

408 2827 455 2902 ad
482 2825 628 2904 libitum
657 2849 722 2902 sue
751 2826 916 2922 Regine‚
955 2833 992 2900 et
1020 2847 1201 2902 venenum
1230 2829 1379 2904 obtullit
1406 2828 1442 2903 ei
1470 2827 1518 2903 ad

408 2977 549 3030 manus.

515 3077 681 3176 Cumque
702 3081 781 3176 jam
808 3087 971 3156 resumto
1000 3079 1166 3156 anhelito
1193 3103 1262 3158 suo
1281 3081 1329 3156 ad
1348 3081 1520 3178 Regnum

410 3205 592 3284 Orouaoie
611 3206 865 3303 pervenisset,
894 3214 931 3281 et
955 3207 1002 3282 ad
1027 3208 1172 3284 domum
1192 3209 1339 3286 ducisse
1359 3207 1404 3283 de
1424 3231 1520 3306 equo

410 3333 674 3428 descendisset,
696 3356 806 3430 quum
824 3335 1001 3411 ludebant
1018 3337 1125 3434 pueri
1144 3336 1212 3412 lilii
1229 3335 1383 3413 Corvini
1401 3336 1520 3414 Joan·

410 3461 469 3537 nis
488 3483 569 3535 cum
589 3461 677 3536 aliis
696 3460 775 3537 suis
804 3463 1014 3558 coetaneis,
1045 3472 1082 3538 et
1107 3464 1290 3541 vidissent
1307 3465 1521 3539 Emericum
1595 3491 1598 3498 ’

411 3587 610 3664 officialem
630 3609 767 3683 eorum,
789 3587 1027 3665 dimisserunt
1044 3591 1170 3674 ludum
1189 3597 1226 3665 et
1243 3599 1419 3688 tanquam
1439 3587 1520 3693 (ad)

410 3715 608 3792 nutricium
633 3723 778 3813 patrem
806 3717 1005 3813 fugierunt.
1039 3719 1090 3794 Et
1115 3719 1288 3796 dicebant
1311 3741 1519 3820 pauperes:

415 3843 551 3940 ,Pater
570 3843 640 3938 mi,
661 3849 768 3943 peter
786 3845 857 3938 mi,
878 3844 965 3942 quid
982 3847 1141 3943 portasti
1160 3847 1304 3923 nobis.“
1334 3845 1386 3920 Et
1403 3845 1518 3921 dixit:

415 3969 613 4066 ,Portaui,
644 3969 781 4046 domini
810 3971 878 4048 tilii
905 3973 1023 4068 mei;“
1052 3980 1090 4048 et
1107 3974 1259 4051 cuilibet
1277 3996 1388 4049 unam
1408 3995 1519 4048 vnam

411 4097 593 4172 scutulam
617 4121 774 4196 paruam
797 4101 966 4198 protullit
991 4100 1038 4176 ad
1057 4123 1187 4178 manns
1206 4103 1460 4194 innocentum,
1482 4106 1521 4174 et

412 4229 493 4297 erat
520 4225 700 4300 conlectio
729 4225 858 4322 dulcis,
883 4225 937 4329 15·Ι
961 4235 998 4302 et
1021 4229 1127 4327 pueri
1155 4227 1367 4325 gaudebant
1393 4227 1521 4303 taliter

412 4349 705 4428 oblectamentis.
735 4351 810 4430 Sed
833 4353 1003 4454 aspidum
1030 4355 1101 4432 fuit
1119 4355 1174 4432 eis
1193 4354 1358 4452 demum,
1378 4362 1416 4430 et
1433 4377 1519 4430 mox
1630 4447 1631 4462 Ν

448 4727 473 4794 ’)
491 4725 571 4783 Am
592 4727 752 4790 „uara-f
