<?xml version="1.0" encoding="UTF-8"?>
<!DOCTYPE html PUBLIC "-//W3C//DTD XHTML 1.0 Transitional//EN"
    "http://www.w3.org/TR/xhtml1/DTD/xhtml1-transitional.dtd">
<html xmlns="http://www.w3.org/1999/xhtml" xml:lang="en" lang="en">
 <head>
  <title>
</title>
<meta http-equiv="Content-Type" content="text/html;charset=utf-8" />
  <meta name='ocr-system' content='tesseract 3.04.00' />
  <meta name='ocr-capabilities' content='ocr_page ocr_carea ocr_par ocr_line ocrx_word'/>
</head>
<body>
  <div class='ocr_page' id='page_1' title='image "./emlkiratamagyar00wenzgoog_0306.png"; bbox 0 0 3238 5228; ppageno 0'>
   <div class='ocr_carea' id='block_1_1' title="bbox 1150 472 1228 590">
    <p class='ocr_par' dir='ltr' id='par_1_1' title="bbox 1150 472 1228 590">
     <span class='ocr_line' id='line_1_1' title="bbox 1150 472 1228 590; baseline 0 -36"><span class='ocrx_word' id='word_1_1' title='bbox 1150 472 1228 590; x_wconf 80' lang='lat' dir='ltr'>auo</span> 
     </span>
    </p>
   </div>
   <div class='ocr_carea' id='block_1_2' title="bbox 130 667 1230 1029">
    <p class='ocr_par' dir='ltr' id='par_1_2' title="bbox 130 667 1230 1029">
     <span class='ocr_line' id='line_1_2' title="bbox 130 667 1230 787; baseline 0.004 -41"><span class='ocrx_word' id='word_1_2' title='bbox 130 667 269 748; x_wconf 75' lang='lat' dir='ltr'>deseris</span> <span class='ocrx_word' id='word_1_3' title='bbox 302 671 511 751; x_wconf 80' lang='lat' dir='ltr'>Turearum</span> <span class='ocrx_word' id='word_1_4' title='bbox 547 672 733 770; x_wconf 78' lang='lat' dir='ltr'><strong>pendebat</strong></span> <span class='ocrx_word' id='word_1_5' title='bbox 771 675 889 751; x_wconf 89' lang='lat' dir='ltr'>nubes</span> <span class='ocrx_word' id='word_1_6' title='bbox 917 674 965 751; x_wconf 90' lang='lat' dir='ltr'>ad</span> <span class='ocrx_word' id='word_1_7' title='bbox 994 674 1230 787; x_wconf 67' lang='lat' dir='ltr'>modom,pt</span> 
     </span>
     <span class='ocr_line' id='line_1_3' title="bbox 130 797 1229 898; baseline 0.005 -26"><span class='ocrx_word' id='word_1_8' title='bbox 130 806 215 872; x_wconf 86' lang='lat' dir='ltr'>osset</span> <span class='ocrx_word' id='word_1_9' title='bbox 233 799 391 876; x_wconf 83' lang='lat' dir='ltr'>acerbus</span> <span class='ocrx_word' id='word_1_10' title='bbox 410 820 577 896; x_wconf 83' lang='lat' dir='ltr'>magnus.</span> <span class='ocrx_word' id='word_1_11' title='bbox 599 797 648 874; x_wconf 85' lang='lat' dir='ltr'>Et</span> <span class='ocrx_word' id='word_1_12' title='bbox 665 798 740 874; x_wconf 82' lang='lat' dir='ltr'>ridi</span> <span class='ocrx_word' id='word_1_13' title='bbox 758 821 828 894; x_wconf 82' lang='lat' dir='ltr'>ogo</span> <span class='ocrx_word' id='word_1_14' title='bbox 841 797 1031 898; x_wconf 78' lang='lat' dir='ltr'>Georgius</span> <span class='ocrx_word' id='word_1_15' title='bbox 1049 799 1229 878; x_wconf 81' lang='lat' dir='ltr'>visionem</span> 
     </span>
     <span class='ocr_line' id='line_1_4' title="bbox 132 923 1228 1029; baseline 0.004 -32"><span class='ocrx_word' id='word_1_16' title='bbox 132 923 226 1000; x_wconf 88' lang='lat' dir='ltr'>bauo.</span> <span class='ocrx_word' id='word_1_17' title='bbox 256 923 302 1000; x_wconf 89' lang='lat' dir='ltr'>Iu</span> <span class='ocrx_word' id='word_1_18' title='bbox 328 928 426 1003; x_wconf 88' lang='lat' dir='ltr'>nube</span> <span class='ocrx_word' id='word_1_19' title='bbox 455 928 661 1024; x_wconf 81' lang='lat' dir='ltr'>apparebat</span> <span class='ocrx_word' id='word_1_20' title='bbox 691 948 787 1002; x_wconf 81' lang='lat' dir='ltr'>unus</span> <span class='ocrx_word' id='word_1_21' title='bbox 813 923 916 1022; x_wconf 82' lang='lat' dir='ltr'>Rex,</span> <span class='ocrx_word' id='word_1_22' title='bbox 952 934 989 1000; x_wconf 87' lang='lat' dir='ltr'>ot</span> <span class='ocrx_word' id='word_1_23' title='bbox 1025 923 1228 1029; x_wconf 77' lang='lat' dir='ltr'>a(uge)lioa</span> 
     </span>
    </p>
   </div>
   <div class='ocr_carea' id='block_1_3' title="bbox 17 1047 1229 1152">
    <p class='ocr_par' dir='ltr' id='par_1_3' title="bbox 17 1047 1229 1152">
     <span class='ocr_line' id='line_1_5' title="bbox 17 1047 1229 1152; baseline 0 -24"><span class='ocrx_word' id='word_1_24' title='bbox 17 1047 20 1080; x_wconf 66' lang='lat'><em>*</em></span> <span class='ocrx_word' id='word_1_25' title='bbox 129 1073 249 1128; x_wconf 78' lang='lat' dir='ltr'>corona</span> <span class='ocrx_word' id='word_1_26' title='bbox 266 1051 463 1130; x_wconf 81' lang='lat' dir='ltr'>admodum</span> <span class='ocrx_word' id='word_1_27' title='bbox 483 1061 583 1132; x_wconf 80' lang='lat' dir='ltr'>esaei</span> <span class='ocrx_word' id='word_1_28' title='bbox 601 1053 640 1128; x_wconf 89' lang='lat' dir='ltr'>in</span> <span class='ocrx_word' id='word_1_29' title='bbox 660 1052 803 1152; x_wconf 84' lang='lat' dir='ltr'>eapite,</span> <span class='ocrx_word' id='word_1_30' title='bbox 829 1059 866 1128; x_wconf 83' lang='lat' dir='ltr'>et</span> <span class='ocrx_word' id='word_1_31' title='bbox 884 1054 923 1129; x_wconf 92' lang='lat' dir='ltr'>in</span> <span class='ocrx_word' id='word_1_32' title='bbox 941 1055 1134 1130; x_wconf 85' lang='lat' dir='ltr'>ambamus</span> <span class='ocrx_word' id='word_1_33' title='bbox 1152 1077 1229 1128; x_wconf 83' lang='lat' dir='ltr'>me·</span> 
     </span>
    </p>
   </div>
   <div class='ocr_carea' id='block_1_4' title="bbox 17 1165 1334 3931">
    <p class='ocr_par' dir='ltr' id='par_1_4' title="bbox 17 1165 1334 3931">
     <span class='ocr_line' id='line_1_6' title="bbox 17 1165 1230 1279; baseline 0.002 -28"><span class='ocrx_word' id='word_1_34' title='bbox 17 1165 18 1192; x_wconf 82' lang='lat'>³</span> <span class='ocrx_word' id='word_1_35' title='bbox 129 1177 224 1254; x_wconf 85' lang='lat' dir='ltr'>mbua</span> <span class='ocrx_word' id='word_1_36' title='bbox 241 1202 369 1256; x_wconf 87' lang='lat' dir='ltr'>ensem</span> <span class='ocrx_word' id='word_1_37' title='bbox 387 1203 562 1277; x_wconf 75' lang='lat' dir='ltr'>maguum</span> <span class='ocrx_word' id='word_1_38' title='bbox 591 1181 754 1260; x_wconf 83' lang='lat' dir='ltr'>elewaus</span> <span class='ocrx_word' id='word_1_39' title='bbox 782 1202 894 1279; x_wconf 89' lang='lat' dir='ltr'>super</span> <span class='ocrx_word' id='word_1_40' title='bbox 923 1188 1035 1279; x_wconf 89' lang='lat' dir='ltr'>oaput</span> <span class='ocrx_word' id='word_1_41' title='bbox 1060 1183 1153 1279; x_wconf 88' lang='lat' dir='ltr'>ejus.</span> <span class='ocrx_word' id='word_1_42' title='bbox 1182 1180 1230 1256; x_wconf 81' lang='lat' dir='ltr'>m</span> 
     </span>
     <span class='ocr_line' id='line_1_7' title="bbox 130 1297 1334 1414; baseline 0.003 -36"><span class='ocrx_word' id='word_1_43' title='bbox 130 1305 189 1381; x_wconf 85' lang='lat' dir='ltr'>sub</span> <span class='ocrx_word' id='word_1_44' title='bbox 206 1305 362 1403; x_wconf 90' lang='lat' dir='ltr'>pedibus</span> <span class='ocrx_word' id='word_1_45' title='bbox 387 1330 561 1402; x_wconf 84' lang='lat' dir='ltr'>maguum</span> <span class='ocrx_word' id='word_1_46' title='bbox 590 1308 795 1406; x_wconf 89' lang='lat' dir='ltr'>prinoipem</span> <span class='ocrx_word' id='word_1_47' title='bbox 820 1309 1028 1414; x_wconf 67' lang='lat' dir='ltr'>jacentem</span> <span class='ocrx_word' id='word_1_48' title='bbox 1050 1330 1132 1382; x_wconf 89' lang='lat' dir='ltr'>oum</span> <span class='ocrx_word' id='word_1_49' title='bbox 1150 1305 1228 1386; x_wconf 90' lang='lat' dir='ltr'>dia·</span> <span class='ocrx_word' id='word_1_50' title='bbox 1331 1297 1334 1304; x_wconf 69' lang='grc'>’</span> 
     </span>
     <span class='ocr_line' id='line_1_8' title="bbox 132 1429 1229 1530; baseline 0.006 -27"><span class='ocrx_word' id='word_1_51' title='bbox 132 1429 262 1508; x_wconf 85' lang='lat' dir='ltr'>demate</span> <span class='ocrx_word' id='word_1_52' title='bbox 299 1433 459 1530; x_wconf 77' lang='lat' dir='ltr'>simplex</span> <span class='ocrx_word' id='word_1_53' title='bbox 498 1441 598 1529; x_wconf 81' lang='lat' dir='ltr'>orai3</span> <span class='ocrx_word' id='word_1_54' title='bbox 628 1443 664 1510; x_wconf 83' lang='lat' dir='ltr'>ei</span> <span class='ocrx_word' id='word_1_55' title='bbox 692 1433 746 1509; x_wconf 89' lang='lat' dir='ltr'>sio</span> <span class='ocrx_word' id='word_1_56' title='bbox 773 1439 949 1529; x_wconf 75' lang='lat' dir='ltr'>tanquam</span> <span class='ocrx_word' id='word_1_57' title='bbox 977 1434 1083 1530; x_wconf 89' lang='lat' dir='ltr'>quasi</span> <span class='ocrx_word' id='word_1_58' title='bbox 1120 1455 1229 1510; x_wconf 87' lang='lat' dir='ltr'>vnum</span> 
     </span>
     <span class='ocr_line' id='line_1_9' title="bbox 130 1559 1227 1656; baseline 0.007 -28"><span class='ocrx_word' id='word_1_59' title='bbox 130 1579 268 1634; x_wconf 79' lang='lat' dir='ltr'>verram.</span> <span class='ocrx_word' id='word_1_60' title='bbox 288 1559 339 1634; x_wconf 85' lang='lat' dir='ltr'>Et</span> <span class='ocrx_word' id='word_1_61' title='bbox 358 1566 439 1635; x_wconf 87' lang='lat' dir='ltr'>erat</span> <span class='ocrx_word' id='word_1_62' title='bbox 458 1560 570 1636; x_wconf 86' lang='lat' dir='ltr'>valde</span> <span class='ocrx_word' id='word_1_63' title='bbox 589 1584 684 1636; x_wconf 87' lang='lat' dir='ltr'>vous</span> <span class='ocrx_word' id='word_1_64' title='bbox 703 1560 870 1636; x_wconf 80' lang='lat' dir='ltr'>deuotus</span> <span class='ocrx_word' id='word_1_65' title='bbox 889 1560 997 1636; x_wconf 93' lang='lat' dir='ltr'>homo</span> <span class='ocrx_word' id='word_1_66' title='bbox 1010 1560 1227 1656; x_wconf 72' lang='lat' dir='ltr'>,‘Detrious,</span> 
     </span>
     <span class='ocr_line' id='line_1_10' title="bbox 130 1685 1225 1783; baseline 0.005 -29"><span class='ocrx_word' id='word_1_67' title='bbox 130 1685 375 1780; x_wconf 83' lang='lat' dir='ltr'>appellabatur</span> <span class='ocrx_word' id='word_1_68' title='bbox 413 1686 603 1762; x_wconf 89' lang='lat' dir='ltr'>Kalomau</span> <span class='ocrx_word' id='word_1_69' title='bbox 632 1695 670 1762; x_wconf 88' lang='lat' dir='ltr'>et</span> <span class='ocrx_word' id='word_1_70' title='bbox 697 1711 829 1764; x_wconf 89' lang='lat' dir='ltr'>manus</span> <span class='ocrx_word' id='word_1_71' title='bbox 867 1689 970 1783; x_wconf 79' lang='lat' dir='ltr'>ejus3</span> <span class='ocrx_word' id='word_1_72' title='bbox 1000 1694 1036 1761; x_wconf 81' lang='lat' dir='ltr'>et</span> <span class='ocrx_word' id='word_1_73' title='bbox 1064 1687 1140 1762; x_wconf 83' lang='lat' dir='ltr'>dixi</span> <span class='ocrx_word' id='word_1_74' title='bbox 1170 1689 1225 1762; x_wconf 88' lang='lat' dir='ltr'>ei:</span> 
     </span>
     <span class='ocr_line' id='line_1_11' title="bbox 133 1809 1227 1906; baseline -0.003 -15"><span class='ocrx_word' id='word_1_75' title='bbox 133 1809 299 1891; x_wconf 60' lang='lat' dir='ltr'>„Domine</span> <span class='ocrx_word' id='word_1_76' title='bbox 326 1813 396 1906; x_wconf 86' lang='lat' dir='ltr'>mi,</span> <span class='ocrx_word' id='word_1_77' title='bbox 426 1813 463 1886; x_wconf 91' lang='lat' dir='ltr'>iu</span> <span class='ocrx_word' id='word_1_78' title='bbox 492 1813 565 1890; x_wconf 85' lang='lat' dir='ltr'>ista</span> <span class='ocrx_word' id='word_1_79' title='bbox 593 1815 655 1888; x_wconf 83' lang='lat' dir='ltr'>via</span> <span class='ocrx_word' id='word_1_80' title='bbox 675 1813 883 1888; x_wconf 74' lang='lat' dir='ltr'>Turdorum</span> <span class='ocrx_word' id='word_1_81' title='bbox 902 1811 1022 1889; x_wconf 82' lang='lat' dir='ltr'>Cesar</span> <span class='ocrx_word' id='word_1_82' title='bbox 1041 1837 1114 1888; x_wconf 92' lang='lat' dir='ltr'>uon</span> <span class='ocrx_word' id='word_1_83' title='bbox 1133 1814 1227 1889; x_wconf 88' lang='lat' dir='ltr'>bene</span> 
     </span>
     <span class='ocr_line' id='line_1_12' title="bbox 129 1937 1225 2036; baseline 0.004 -28"><span class='ocrx_word' id='word_1_84' title='bbox 129 1938 318 2015; x_wconf 89' lang='lat' dir='ltr'>ambulabit</span> <span class='ocrx_word' id='word_1_85' title='bbox 337 1941 404 2016; x_wconf 90' lang='lat' dir='ltr'>sub</span> <span class='ocrx_word' id='word_1_86' title='bbox 424 1939 609 2016; x_wconf 82' lang='lat' dir='ltr'>Vienna.“</span> <span class='ocrx_word' id='word_1_87' title='bbox 644 1937 859 2036; x_wconf 85' lang='lat' dir='ltr'>„Quomodo</span> <span class='ocrx_word' id='word_1_88' title='bbox 879 1946 919 2012; x_wconf 84' lang='lat' dir='ltr'>iu</span> <span class='ocrx_word' id='word_1_89' title='bbox 939 1940 1028 2033; x_wconf 84' lang='lat' dir='ltr'>sois,</span> <span class='ocrx_word' id='word_1_90' title='bbox 1048 1947 1158 2036; x_wconf 84' lang='lat' dir='ltr'>pater</span> <span class='ocrx_word' id='word_1_91' title='bbox 1179 1941 1225 2013; x_wconf 92' lang='lat' dir='ltr'>mi</span> 
     </span>
     <span class='ocr_line' id='line_1_13' title="bbox 129 2059 1222 2163; baseline 0.002 -27"><span class='ocrx_word' id='word_1_92' title='bbox 129 2059 303 2160; x_wconf 81' lang='lat' dir='ltr'>Georgi?“</span> <span class='ocrx_word' id='word_1_93' title='bbox 326 2063 374 2140; x_wconf 86' lang='lat' dir='ltr'>Et</span> <span class='ocrx_word' id='word_1_94' title='bbox 393 2065 470 2140; x_wconf 82' lang='lat' dir='ltr'>dixi</span> <span class='ocrx_word' id='word_1_95' title='bbox 490 2067 545 2140; x_wconf 88' lang='lat' dir='ltr'>ei:</span> <span class='ocrx_word' id='word_1_96' title='bbox 570 2065 675 2162; x_wconf 82' lang='lat' dir='ltr'>„Ego</span> <span class='ocrx_word' id='word_1_97' title='bbox 696 2067 884 2163; x_wconf 86' lang='lat' dir='ltr'>aprobubo</span> <span class='ocrx_word' id='word_1_98' title='bbox 903 2066 983 2160; x_wconf 83' lang='lat' dir='ltr'>tibi,</span> <span class='ocrx_word' id='word_1_99' title='bbox 1005 2065 1102 2162; x_wconf 91' lang='lat' dir='ltr'>quod</span> <span class='ocrx_word' id='word_1_100' title='bbox 1121 2064 1222 2140; x_wconf 86' lang='lat' dir='ltr'>vide·</span> 
     </span>
     <span class='ocr_line' id='line_1_14' title="bbox 129 2188 1226 2291; baseline 0.004 -29"><span class='ocrx_word' id='word_1_101' title='bbox 129 2188 176 2264; x_wconf 90' lang='lat' dir='ltr'>bis</span> <span class='ocrx_word' id='word_1_102' title='bbox 192 2192 316 2266; x_wconf 83' lang='lat' dir='ltr'>atatim</span> <span class='ocrx_word' id='word_1_103' title='bbox 345 2192 507 2268; x_wconf 84' lang='lat' dir='ltr'>futuram</span> <span class='ocrx_word' id='word_1_104' title='bbox 535 2215 641 2268; x_wconf 88' lang='lat' dir='ltr'>suam</span> <span class='ocrx_word' id='word_1_105' title='bbox 668 2192 881 2291; x_wconf 85' lang='lat' dir='ltr'>perniciem.</span> <span class='ocrx_word' id='word_1_106' title='bbox 912 2192 1077 2269; x_wconf 83' lang='lat' dir='ltr'>Videsne</span> <span class='ocrx_word' id='word_1_107' title='bbox 1106 2199 1226 2268; x_wconf 82' lang='lat' dir='ltr'>casto·</span> 
     </span>
     <span class='ocr_line' id='line_1_15' title="bbox 126 2315 1225 2416; baseline 0.001 -28"><span class='ocrx_word' id='word_1_108' title='bbox 126 2338 190 2390; x_wconf 87' lang='lat' dir='ltr'>rem</span> <span class='ocrx_word' id='word_1_109' title='bbox 217 2315 420 2394; x_wconf 61' lang='lat' dir='ltr'>Garamam</span> <span class='ocrx_word' id='word_1_110' title='bbox 453 2319 502 2394; x_wconf 84' lang='lat' dir='ltr'>Et</span> <span class='ocrx_word' id='word_1_111' title='bbox 528 2320 583 2394; x_wconf 81' lang='lat' dir='ltr'>ait</span> <span class='ocrx_word' id='word_1_112' title='bbox 611 2348 619 2392; x_wconf 91' lang='lat'>:</span> <span class='ocrx_word' id='word_1_113' title='bbox 654 2319 832 2414; x_wconf 72' lang='lat' dir='ltr'>„Video.“</span> <span class='ocrx_word' id='word_1_114' title='bbox 870 2318 1016 2416; x_wconf 83' lang='lat' dir='ltr'>„Super</span> <span class='ocrx_word' id='word_1_115' title='bbox 1044 2326 1225 2394; x_wconf 79' lang='lat' dir='ltr'>castorem</span> 
     </span>
     <span class='ocr_line' id='line_1_16' title="bbox 125 2438 1225 2544; baseline 0.001 -28"><span class='ocrx_word' id='word_1_116' title='bbox 125 2438 263 2520; x_wconf 82' lang='lat' dir='ltr'>Oesaris</span> <span class='ocrx_word' id='word_1_117' title='bbox 281 2445 320 2518; x_wconf 90' lang='lat' dir='ltr'>iu</span> <span class='ocrx_word' id='word_1_118' title='bbox 338 2446 439 2520; x_wconf 88' lang='lat' dir='ltr'>aiere</span> <span class='ocrx_word' id='word_1_119' title='bbox 457 2444 594 2544; x_wconf 87' lang='lat' dir='ltr'>pendet</span> <span class='ocrx_word' id='word_1_120' title='bbox 613 2447 776 2521; x_wconf 85' lang='lat' dir='ltr'>oiroulus</span> <span class='ocrx_word' id='word_1_121' title='bbox 796 2447 902 2543; x_wconf 88' lang='lat' dir='ltr'>quasi</span> <span class='ocrx_word' id='word_1_122' title='bbox 926 2449 1105 2540; x_wconf 81' lang='lat' dir='ltr'>acerbus,</span> <span class='ocrx_word' id='word_1_123' title='bbox 1132 2451 1169 2518; x_wconf 87' lang='lat' dir='ltr'>et</span> <span class='ocrx_word' id='word_1_124' title='bbox 1187 2446 1225 2518; x_wconf 88' lang='lat' dir='ltr'>iu</span> 
     </span>
     <span class='ocr_line' id='line_1_17' title="bbox 124 2568 1274 2670; baseline 0.002 -29"><span class='ocrx_word' id='word_1_125' title='bbox 124 2568 249 2646; x_wconf 73' lang='lat' dir='ltr'>riuulo</span> <span class='ocrx_word' id='word_1_126' title='bbox 268 2573 405 2666; x_wconf 81' lang='lat' dir='ltr'>nubes,</span> <span class='ocrx_word' id='word_1_127' title='bbox 426 2579 464 2645; x_wconf 86' lang='lat' dir='ltr'>et</span> <span class='ocrx_word' id='word_1_128' title='bbox 481 2571 520 2646; x_wconf 91' lang='lat' dir='ltr'>iu</span> <span class='ocrx_word' id='word_1_129' title='bbox 538 2573 635 2648; x_wconf 89' lang='lat' dir='ltr'>nube</span> <span class='ocrx_word' id='word_1_130' title='bbox 656 2595 751 2648; x_wconf 82' lang='lat' dir='ltr'>unus</span> <span class='ocrx_word' id='word_1_131' title='bbox 780 2571 861 2647; x_wconf 84' lang='lat' dir='ltr'>Rex</span> <span class='ocrx_word' id='word_1_132' title='bbox 891 2595 1008 2670; x_wconf 90' lang='lat' dir='ltr'>vsque</span> <span class='ocrx_word' id='word_1_133' title='bbox 1028 2571 1076 2645; x_wconf 89' lang='lat' dir='ltr'>ad</span> <span class='ocrx_word' id='word_1_134' title='bbox 1094 2572 1225 2668; x_wconf 89' lang='lat' dir='ltr'>planta</span> <span class='ocrx_word' id='word_1_135' title='bbox 1270 2577 1274 2586; x_wconf 91' lang='grc'><strong><em>’</em></strong></span> 
     </span>
     <span class='ocr_line' id='line_1_18' title="bbox 124 2694 1224 2792; baseline 0.004 -26"><span class='ocrx_word' id='word_1_136' title='bbox 124 2694 261 2772; x_wconf 74' lang='lat' dir='ltr'>indutus</span> <span class='ocrx_word' id='word_1_137' title='bbox 285 2703 344 2772; x_wconf 88' lang='lat' dir='ltr'>est</span> <span class='ocrx_word' id='word_1_138' title='bbox 361 2696 400 2770; x_wconf 90' lang='lat' dir='ltr'>in</span> <span class='ocrx_word' id='word_1_139' title='bbox 419 2697 590 2790; x_wconf 82' lang='lat' dir='ltr'>metallo,</span> <span class='ocrx_word' id='word_1_140' title='bbox 621 2703 658 2770; x_wconf 90' lang='lat' dir='ltr'>et</span> <span class='ocrx_word' id='word_1_141' title='bbox 686 2698 839 2792; x_wconf 84' lang='lat' dir='ltr'>anglica</span> <span class='ocrx_word' id='word_1_142' title='bbox 867 2705 992 2774; x_wconf 86' lang='lat' dir='ltr'>nostra</span> <span class='ocrx_word' id='word_1_143' title='bbox 1021 2719 1158 2772; x_wconf 88' lang='lat' dir='ltr'>oorona</span> <span class='ocrx_word' id='word_1_144' title='bbox 1186 2698 1224 2770; x_wconf 90' lang='lat' dir='ltr'>iu</span> 
     </span>
     <span class='ocr_line' id='line_1_19' title="bbox 122 2822 1223 2924; baseline 0.002 -30"><span class='ocrx_word' id='word_1_145' title='bbox 122 2822 230 2916; x_wconf 84' lang='lat' dir='ltr'>eapite</span> <span class='ocrx_word' id='word_1_146' title='bbox 249 2830 425 2919; x_wconf 82' lang='lat' dir='ltr'>apparet3</span> <span class='ocrx_word' id='word_1_147' title='bbox 446 2831 483 2898; x_wconf 90' lang='lat' dir='ltr'>et</span> <span class='ocrx_word' id='word_1_148' title='bbox 501 2824 540 2898; x_wconf 91' lang='lat' dir='ltr'>iu</span> <span class='ocrx_word' id='word_1_149' title='bbox 559 2825 740 2924; x_wconf 89' lang='lat' dir='ltr'>ambabus</span> <span class='ocrx_word' id='word_1_150' title='bbox 768 2826 940 2900; x_wconf 88' lang='lat' dir='ltr'>manibus</span> <span class='ocrx_word' id='word_1_151' title='bbox 968 2833 1090 2900; x_wconf 87' lang='lat' dir='ltr'>tenen.</span> <span class='ocrx_word' id='word_1_152' title='bbox 1112 2845 1223 2899; x_wconf 86' lang='lat' dir='ltr'>vnum</span> 
     </span>
     <span class='ocr_line' id='line_1_20' title="bbox 123 2949 1224 3050; baseline 0.006 -31"><span class='ocrx_word' id='word_1_153' title='bbox 123 2969 284 3044; x_wconf 78' lang='lat' dir='ltr'>magnum</span> <span class='ocrx_word' id='word_1_154' title='bbox 311 2949 472 3024; x_wconf 89' lang='lat' dir='ltr'>maleum</span> <span class='ocrx_word' id='word_1_155' title='bbox 491 2951 636 3026; x_wconf 89' lang='lat' dir='ltr'>eleuau.</span> <span class='ocrx_word' id='word_1_156' title='bbox 667 2950 714 3025; x_wconf 91' lang='lat' dir='ltr'>ad</span> <span class='ocrx_word' id='word_1_157' title='bbox 742 2951 876 3046; x_wconf 77' lang='lat' dir='ltr'>iotum3</span> <span class='ocrx_word' id='word_1_158' title='bbox 907 2959 944 3025; x_wconf 83' lang='lat' dir='ltr'>et</span> <span class='ocrx_word' id='word_1_159' title='bbox 971 2953 1039 3028; x_wconf 87' lang='lat' dir='ltr'>sub</span> <span class='ocrx_word' id='word_1_160' title='bbox 1068 2949 1224 3050; x_wconf 86' lang='lat' dir='ltr'>pedibus</span> 
     </span>
     <span class='ocr_line' id='line_1_21' title="bbox 124 3074 1219 3178; baseline 0.005 -32"><span class='ocrx_word' id='word_1_161' title='bbox 124 3075 193 3170; x_wconf 85' lang='lat' dir='ltr'>ejus</span> <span class='ocrx_word' id='word_1_162' title='bbox 209 3074 327 3172; x_wconf 77' lang='lat' dir='ltr'>Regis</span> <span class='ocrx_word' id='word_1_163' title='bbox 346 3099 440 3153; x_wconf 84' lang='lat' dir='ltr'>vous</span> <span class='ocrx_word' id='word_1_164' title='bbox 459 3101 616 3174; x_wconf 81' lang='lat' dir='ltr'>magnus</span> <span class='ocrx_word' id='word_1_165' title='bbox 643 3078 838 3176; x_wconf 86' lang='lat' dir='ltr'>princeps,</span> <span class='ocrx_word' id='word_1_166' title='bbox 869 3102 913 3154; x_wconf 91' lang='lat' dir='ltr'>ao</span> <span class='ocrx_word' id='word_1_167' title='bbox 932 3079 971 3152; x_wconf 90' lang='lat' dir='ltr'>iu</span> <span class='ocrx_word' id='word_1_168' title='bbox 990 3079 1113 3178; x_wconf 87' lang='lat' dir='ltr'>oapite</span> <span class='ocrx_word' id='word_1_169' title='bbox 1132 3078 1219 3153; x_wconf 92' lang='lat' dir='ltr'>sim·</span> 
     </span>
     <span class='ocr_line' id='line_1_22' title="bbox 123 3201 1222 3302; baseline 0.004 -26"><span class='ocrx_word' id='word_1_170' title='bbox 123 3201 242 3296; x_wconf 89' lang='lat' dir='ltr'>plioem</span> <span class='ocrx_word' id='word_1_171' title='bbox 262 3226 436 3280; x_wconf 85' lang='lat' dir='ltr'>eoronam</span> <span class='ocrx_word' id='word_1_172' title='bbox 455 3203 619 3300; x_wconf 84' lang='lat' dir='ltr'>habens,</span> <span class='ocrx_word' id='word_1_173' title='bbox 640 3212 677 3281; x_wconf 87' lang='lat' dir='ltr'>et</span> <span class='ocrx_word' id='word_1_174' title='bbox 695 3228 781 3280; x_wconf 84' lang='lat' dir='ltr'>eoos</span> <span class='ocrx_word' id='word_1_175' title='bbox 801 3207 868 3280; x_wconf 84' lang='lat' dir='ltr'>wlt</span> <span class='ocrx_word' id='word_1_176' title='bbox 883 3213 1060 3302; x_wconf 86' lang='lat' dir='ltr'>tanquam</span> <span class='ocrx_word' id='word_1_177' title='bbox 1079 3227 1222 3282; x_wconf 79' lang='lat' dir='ltr'>verrem</span> 
     </span>
     <span class='ocr_line' id='line_1_23' title="bbox 124 3329 1220 3432; baseline 0.003 -28"><span class='ocrx_word' id='word_1_178' title='bbox 124 3331 299 3424; x_wconf 77' lang='lat' dir='ltr'>iungere.“</span> <span class='ocrx_word' id='word_1_179' title='bbox 325 3329 491 3406; x_wconf 87' lang='lat' dir='ltr'>Aitmihi</span> <span class='ocrx_word' id='word_1_180' title='bbox 512 3339 712 3407; x_wconf 85' lang='lat' dir='ltr'>mereator:</span> <span class='ocrx_word' id='word_1_181' title='bbox 729 3332 838 3428; x_wconf 83' lang='lat' dir='ltr'>„Nou</span> <span class='ocrx_word' id='word_1_182' title='bbox 856 3353 1008 3430; x_wconf 88' lang='lat' dir='ltr'>possum</span> <span class='ocrx_word' id='word_1_183' title='bbox 1018 3333 1220 3432; x_wconf 76' lang='lat' dir='ltr'>percipere,</span> 
     </span>
     <span class='ocr_line' id='line_1_24' title="bbox 125 3453 1221 3553; baseline 0.008 -27"><span class='ocrx_word' id='word_1_184' title='bbox 125 3453 180 3528; x_wconf 81' lang='lat' dir='ltr'>sed</span> <span class='ocrx_word' id='word_1_185' title='bbox 195 3456 269 3532; x_wconf 88' lang='lat' dir='ltr'>uoli</span> <span class='ocrx_word' id='word_1_186' title='bbox 289 3457 478 3552; x_wconf 82' lang='lat' dir='ltr'>diuinare,</span> <span class='ocrx_word' id='word_1_187' title='bbox 508 3457 596 3553; x_wconf 90' lang='lat' dir='ltr'>quia</span> <span class='ocrx_word' id='word_1_188' title='bbox 623 3453 705 3532; x_wconf 82' lang='lat' dir='ltr'>Rex</span> <span class='ocrx_word' id='word_1_189' title='bbox 733 3457 881 3532; x_wconf 80' lang='lat' dir='ltr'>confidit</span> <span class='ocrx_word' id='word_1_190' title='bbox 899 3459 937 3532; x_wconf 90' lang='lat' dir='ltr'>in</span> <span class='ocrx_word' id='word_1_191' title='bbox 957 3455 1097 3535; x_wconf 85' lang='lat' dir='ltr'>Cooare</span> <span class='ocrx_word' id='word_1_192' title='bbox 1126 3456 1221 3535; x_wconf 85' lang='lat' dir='ltr'>Tur·</span> 
     </span>
     <span class='ocr_line' id='line_1_25' title="bbox 126 3581 1221 3682; baseline 0.007 -30"><span class='ocrx_word' id='word_1_193' title='bbox 126 3583 271 3656; x_wconf 81' lang='lat' dir='ltr'>oarum.“</span> <span class='ocrx_word' id='word_1_194' title='bbox 304 3581 387 3680; x_wconf 81' lang='lat' dir='ltr'>Ego</span> <span class='ocrx_word' id='word_1_195' title='bbox 406 3583 482 3658; x_wconf 85' lang='lat' dir='ltr'>dixi</span> <span class='ocrx_word' id='word_1_196' title='bbox 503 3611 511 3656; x_wconf 92' lang='lat'><strong>:</strong></span> <span class='ocrx_word' id='word_1_197' title='bbox 537 3581 748 3682; x_wconf 80' lang='lat' dir='ltr'>„Soriptum</span> <span class='ocrx_word' id='word_1_198' title='bbox 766 3594 843 3680; x_wconf 85' lang='lat' dir='ltr'>est,</span> <span class='ocrx_word' id='word_1_199' title='bbox 875 3583 1093 3660; x_wconf 82' lang='lat' dir='ltr'>maledictus</span> <span class='ocrx_word' id='word_1_200' title='bbox 1112 3583 1221 3660; x_wconf 90' lang='lat' dir='ltr'>homo</span> 
     </span>
     <span class='ocr_line' id='line_1_26' title="bbox 126 3707 1220 3805; baseline 0.005 -28"><span class='ocrx_word' id='word_1_201' title='bbox 126 3715 189 3800; x_wconf 83' lang='lat' dir='ltr'>est,</span> <span class='ocrx_word' id='word_1_202' title='bbox 216 3708 278 3805; x_wconf 88' lang='lat' dir='ltr'>qui</span> <span class='ocrx_word' id='word_1_203' title='bbox 297 3707 450 3784; x_wconf 87' lang='lat' dir='ltr'>ooufidit</span> <span class='ocrx_word' id='word_1_204' title='bbox 467 3709 505 3783; x_wconf 92' lang='lat' dir='ltr'>in</span> <span class='ocrx_word' id='word_1_205' title='bbox 525 3709 708 3785; x_wconf 85' lang='lat' dir='ltr'>homine.“</span> <span class='ocrx_word' id='word_1_206' title='bbox 742 3709 791 3784; x_wconf 83' lang='lat' dir='ltr'>Et</span> <span class='ocrx_word' id='word_1_207' title='bbox 818 3711 1018 3786; x_wconf 87' lang='lat' dir='ltr'>durauerat</span> <span class='ocrx_word' id='word_1_208' title='bbox 1045 3709 1143 3784; x_wconf 80' lang='lat' dir='ltr'>istud</span> <span class='ocrx_word' id='word_1_209' title='bbox 1173 3711 1220 3786; x_wconf 92' lang='lat' dir='ltr'>si·</span> 
     </span>
     <span class='ocr_line' id='line_1_27' title="bbox 126 3835 721 3931; baseline 0.003 -23"><span class='ocrx_word' id='word_1_210' title='bbox 126 3853 220 3922; x_wconf 77' lang='lat' dir='ltr'>guum</span> <span class='ocrx_word' id='word_1_211' title='bbox 238 3835 346 3931; x_wconf 89' lang='lat' dir='ltr'>quasi</span> <span class='ocrx_word' id='word_1_212' title='bbox 366 3835 403 3910; x_wconf 91' lang='lat' dir='ltr'>iu</span> <span class='ocrx_word' id='word_1_213' title='bbox 423 3842 579 3931; x_wconf 84' lang='lat' dir='ltr'>quatuor</span> <span class='ocrx_word' id='word_1_214' title='bbox 597 3835 721 3912; x_wconf 86' lang='lat' dir='ltr'>hores.</span> 
     </span>
    </p>
   </div>
   <div class='ocr_carea' id='block_1_5' title="bbox 389 4120 949 4224">
    <p class='ocr_par' dir='ltr' id='par_1_5' title="bbox 389 4120 949 4224">
     <span class='ocr_line' id='line_1_28' title="bbox 389 4120 949 4224; baseline -0.004 -24"><span class='ocrx_word' id='word_1_215' title='bbox 389 4120 723 4224; x_wconf 68' lang='lat' dir='ltr'>(odmundum</span> <span class='ocrx_word' id='word_1_216' title='bbox 752 4123 949 4224; x_wconf 72' lang='lat' dir='ltr'>dxxvi).</span> 
     </span>
    </p>
   </div>
   <div class='ocr_carea' id='block_1_6' title="bbox 124 4337 1218 4703">
    <p class='ocr_par' dir='ltr' id='par_1_6' title="bbox 124 4337 1218 4703">
     <span class='ocr_line' id='line_1_29' title="bbox 214 4337 1217 4436; baseline 0.003 -22"><span class='ocrx_word' id='word_1_217' title='bbox 214 4339 261 4414; x_wconf 79' lang='lat' dir='ltr'>Et</span> <span class='ocrx_word' id='word_1_218' title='bbox 273 4341 384 4436; x_wconf 83' lang='lat' dir='ltr'>juxta</span> <span class='ocrx_word' id='word_1_219' title='bbox 404 4340 619 4416; x_wconf 89' lang='lat' dir='ltr'>Danubium</span> <span class='ocrx_word' id='word_1_220' title='bbox 637 4363 707 4416; x_wconf 87' lang='lat' dir='ltr'>nos</span> <span class='ocrx_word' id='word_1_221' title='bbox 725 4349 811 4414; x_wconf 86' lang='lat' dir='ltr'>ante</span> <span class='ocrx_word' id='word_1_222' title='bbox 830 4338 947 4415; x_wconf 86' lang='lat' dir='ltr'>aoiem</span> <span class='ocrx_word' id='word_1_223' title='bbox 966 4337 1120 4416; x_wconf 77' lang='lat' dir='ltr'>cesaris</span> <span class='ocrx_word' id='word_1_224' title='bbox 1138 4337 1217 4417; x_wconf 81' lang='lat' dir='ltr'>Rex</span> 
     </span>
     <span class='ocr_line' id='line_1_30' title="bbox 124 4465 1218 4564; baseline 0.008 -33"><span class='ocrx_word' id='word_1_225' title='bbox 124 4465 545 4544; x_wconf 84' lang='lat' dir='ltr'>eumsuathaboronoula</span> <span class='ocrx_word' id='word_1_226' title='bbox 562 4467 717 4542; x_wconf 81' lang='lat' dir='ltr'>cedebat</span> <span class='ocrx_word' id='word_1_227' title='bbox 737 4489 781 4540; x_wconf 85' lang='lat' dir='ltr'>ex</span> <span class='ocrx_word' id='word_1_228' title='bbox 801 4467 868 4542; x_wconf 88' lang='lat' dir='ltr'>illa</span> <span class='ocrx_word' id='word_1_229' title='bbox 886 4473 993 4564; x_wconf 83' lang='lat' dir='ltr'>parte</span> <span class='ocrx_word' id='word_1_230' title='bbox 1013 4465 1218 4550; x_wconf 85' lang='lat' dir='ltr'>Pestieusi;</span> 
     </span>
     <span class='ocr_line' id='line_1_31' title="bbox 126 4589 1216 4703; baseline 0.006 -45"><span class='ocrx_word' id='word_1_231' title='bbox 126 4607 163 4660; x_wconf 78' lang='lat' dir='ltr'>ex</span> <span class='ocrx_word' id='word_1_232' title='bbox 186 4591 302 4668; x_wconf 81' lang='lat' dir='ltr'>altera</span> <span class='ocrx_word' id='word_1_233' title='bbox 329 4591 557 4703; x_wconf 77' lang='lat' dir='ltr'>Budensium</span> <span class='ocrx_word' id='word_1_234' title='bbox 584 4599 690 4691; x_wconf 86' lang='lat' dir='ltr'>parte</span> <span class='ocrx_word' id='word_1_235' title='bbox 719 4589 837 4667; x_wconf 83' lang='lat' dir='ltr'>Cesar</span> <span class='ocrx_word' id='word_1_236' title='bbox 865 4591 1084 4666; x_wconf 84' lang='lat' dir='ltr'>Tmoarum.</span> <span class='ocrx_word' id='word_1_237' title='bbox 1124 4589 1216 4668; x_wconf 83' lang='lat' dir='ltr'>Cum</span> 
     </span>
    </p>
   </div>
   <div class='ocr_carea' id='block_1_7' title="bbox 127 4717 1215 4904">
    <p class='ocr_par' dir='ltr' id='par_1_7' title="bbox 127 4717 1215 4904">
     <span class='ocr_line' id='line_1_32' title="bbox 127 4717 1215 4904; baseline 0.002 -115"><span class='ocrx_word' id='word_1_238' title='bbox 127 4717 275 4794; x_wconf 79' lang='lat' dir='ltr'>venimus</span> <span class='ocrx_word' id='word_1_239' title='bbox 303 4743 418 4818; x_wconf 87' lang='lat' dir='ltr'>prope</span> <span class='ocrx_word' id='word_1_240' title='bbox 448 4717 679 4816; x_wconf 79' lang='lat' dir='ltr'>Raahkeuij,</span> <span class='ocrx_word' id='word_1_241' title='bbox 702 4731 737 4794; x_wconf 90' lang='lat' dir='ltr'>et</span> <span class='ocrx_word' id='word_1_242' title='bbox 758 4719 808 4794; x_wconf 92' lang='lat' dir='ltr'>ibi</span> <span class='ocrx_word' id='word_1_243' title='bbox 830 4717 910 4793; x_wconf 78' lang='lat' dir='ltr'>Rex</span> <span class='ocrx_word' id='word_1_244' title='bbox 940 4723 1061 4904; x_wconf 52' lang='lat' dir='ltr'>oaptpp</span> <span class='ocrx_word' id='word_1_245' title='bbox 1091 4719 1215 4792; x_wconf 82' lang='lat' dir='ltr'>metati</span> 
     </span>
    </p>
   </div>
   <div class='ocr_carea' id='block_1_8' title="bbox 0 0 1624 5228">
    <p class='ocr_par' dir='ltr' id='par_1_8' title="bbox 0 0 1624 5228">
     <span class='ocr_line' id='line_1_33' title="bbox 0 0 1624 5228; baseline 0 2"><span class='ocrx_word' id='word_1_246' title='bbox 0 0 1624 5228; x_wconf 95' lang='lat' dir='ltr'> </span> 
     </span>
    </p>
   </div>
  </div>
 </body>
</html>
