3260 5226
377 475 456 560 362

375 685 476 775 rum‘,
508 680 596 778 qnia
614 681 759 758 demum
777 683 1044 780 geusEttuica
1062 687 1314 786 preualuerat
1332 687 1489 767 Germa-

374 830 445 884 nos
473 813 510 884 et
537 805 741 906 Hungaros
768 833 815 886 ex
842 818 1000 911 utraque
1036 819 1164 913 parte,
1203 817 1344 915 etjam
1369 818 1490 896 tribus

377 933 528 1030 diebus,
558 941 596 1008 ct
620 936 741 1012 tribus
768 936 939 1014 noctibus
966 939 1275 1037 tranquillitatem
1302 941 1490 1021 habebant

376 1061 473 1137 iuter
491 1084 543 1138 se.
574 1059 693 1140 Cesar
719 1070 852 1163 postca
878 1064 967 1141 iecit
993 1089 1107 1166 supra
1135 1067 1279 1144 Budam
1307 1079 1488 1148 castorem

375 1208 483 1266 suum
510 1186 734 1265 descendere
753 1189 793 1264 iu
811 1190 894 1268 loco
913 1189 1120 1268 sicambria
1147 1195 1307 1272 extentis
1326 1197 1486 1295 papilio·

312 1369 319 1378 -
376 1315 497 1392 uibus.
516 1313 543 1392 J
545 1339 604 1390 am
624 1316 672 1391 ad
689 1311 873 1414 Reginam
891 1341 974 1395 cum
993 1318 1070 1396 filio
1089 1343 1156 1397 suo
1175 1322 1318 1399 infante
1337 1326 1485 1420 annale,

377 1441 485 1540 quasi
504 1442 758 1538 angustiasset
784 1444 903 1520 eciam
930 1425 1094 1544 Budam3
1123 1455 1287 1525 attamen
1305 1451 1489 1527 neminem

374 1569 641 1664 Huugarorum
660 1567 915 1667 inpediebaut,
936 1571 1003 1647 sed
1016 1575 1095 1670 jam
1113 1581 1191 1650 tute
1210 1578 1408 1653 morabaut
1424 1577 1488 1654 vbi

374 1695 565 1772 volebant.
586 1691 705 1772 Ocsar
722 1696 879 1774 residuit
897 1697 936 1772 in
953 1698 1122 1798 plauiees
1141 1697 1274 1797 Logod
1293 1703 1401 1802 quasi
1420 1727 1488 1780 ser

376 1821 537 1898 tentoria
556 1829 637 1896 erat
655 1844 834 1920 expansa.

482 1947 533 2022 Et
546 1949 625 2045 jam
643 1947 682 2023 iu
701 1956 994 2046 arcemaguates
1005 1952 1238 2030 acbarrouea
1256 1955 1489 2052 nesciebant,

374 2075 462 2174 quid
479 2076 641 2173 vellent;
656 2078 735 2174 jam
754 2078 953 2175 oportebat
971 2075 1127 2156 Oceania
1145 2079 1356 2176 graciarum
1375 2083 1491 2160 actio·

375 2225 444 2280 nes
469 2201 620 2278 reterre.
656 2201 739 2299 Ego
768 2202 935 2279 dicebam
965 2205 1075 2281 fratri
1103 2203 1268 2304 Georgio
1293 2207 1495 2288 thezauro·

372 2333 428 2409 rio
448 2359 458 2406 ε
482 2329 615 2430 „Quod
642 2331 864 2409 incitassent
881 2331 1063 2410 Oesarem
1081 2333 1290 2413 Turcarum
1308 2336 1358 2412 ad
1376 2361 1491 2436 pran-

373 2459 484 2535 dium.
514 2455 629 2548 Quod
649 2458 683 2534 si
702 2460 932 2536 consenserit
959 2461 1088 2538 venire
1117 2460 1164 2538 ad
1191 2485 1317 2539 arcem
1344 2461 1490 2540 Budam

373 2585 421 2662 ad
440 2583 665 2679 conuiuium,
686 2591 823 2661 extunc
841 2592 907 2661 ant
934 2585 1060 2668 decem
1087 2587 1312 2664 bombardas
1332 2589 1491 2686 erigatis

373 2713 422 2789 ad
439 2712 589 2788 ianuam
607 2711 706 2788 arcis
725 2711 840 2790 Vilad
854 2715 1010 2811 januam
1038 2719 1144 2812 porte
1172 2713 1358 2812 ciuitatis,
1388 2737 1489 2792 cum·

374 2863 445 2939 que
471 2847 572 2917 trare
599 2839 766 2934 veniret,
788 2847 825 2916 et
842 2839 881 2914 in
906 2840 1027 2916 medio
1056 2843 1172 2939 janue
1200 2849 1319 2938 esset,
1349 2838 1426 2945 ¹⁰⁸1
1451 2853 1493 2920 vt

374 2991 460 3044 mox
488 2966 669 3044 aduersus
696 2987 780 3041 eum
807 2965 883 3042 siut
919 2965 1104 3061 exassati3
1144 2966 1302 3064 quodsi
1330 2969 1491 3067 potestis

375 3093 645 3192 eumpriuarm
676 3093 747 3171 erit
773 3092 879 3169 vobis
906 3091 1172 3189 Huugaromm
1189 3117 1326 3190 magua
1343 3077 1430 3173 laus
1449 3097 1490 3172 in

373 3227 450 3298 toto
470 3221 597 3298 orbem
615 3227 810 3298 terrarum.
832 3217 944 3311 Quod
961 3217 995 3294 si
1013 3241 1088 3310 nou
1106 3219 1262 3316 venerit,
1282 3243 1369 3296 mor
1388 3221 1491 3298 scia·

373 3333 422 3425 tis
439 3347 521 3424 fore
540 3347 660 3446 ipsum
679 3347 831 3424 fefelen.
850 3345 955 3422 vos.“
988 3345 1179 3422 Et'frater
1206 3343 1399 3443 Georgius
1417 3348 1491 3424 hoc

374 3474 570 3552 consilinm
580 3497 701 3551 meum
710 3472 913 3550 benedixit.
933 3472 986 3547 Et
1003 3473 1145 3548 fecerat
1161 3472 1278 3549 irater
1298 3471 1491 3571 Georgius

373 3599 471 3678 iuter
488 3625 530 3678 se
549 3601 718 3678 dominos
735 3623 847 3678 uuam
866 3597 1183 3697 conuenticulam3
1204 3605 1241 3676 et
1258 3599 1332 3700 ipsi
1352 3601 1494 3678 domiui

375 3729 556 3806 barroues
575 3735 612 3804 et
630 3728 777 3806 nobiles
804 3749 878 3803 uon
907 3733 1177 3805 consenserunt
1205 3751 1249 3802 ac
1273 3749 1343 3802 nec
1360 3751 1494 3827 presu-

374 3876 474 3932 mere
493 3857 723 3932 conabantur
741 3853 813 3930 hoc
830 3853 968 3930 iacere.
995 3853 1079 3950 Ego
1099 3853 1175 3928 dixi
1193 3853 1301 3940 fratri
1321 3851 1494 3953 Georgio

374 3987 412 4056 et
430 3979 601 4056 Petrouit
619 4009 628 4056 :
653 3979 738 4079 „Ita
756 3979 901 4056 debetis
929 3979 1115 4077 cogitare,
1145 3980 1244 4078 quod
1262 3981 1337 4058 ista
1355 3981 1419 4058 via
1438 3982 1493 4057 ci-

374 4106 473 4184 uitas
501 4107 616 4194 Buda,
637 4131 720 4186 cum
739 4129 826 4182 arce
845 4107 1035 4185 absouitur
1054 4131 1077 4182 a
1096 4107 1266 4183 manibus
1290 4105 1493 4204 Hnugaro·

373 4234 490 4310 mm.“
512 4234 563 4310 Et
580 4233 653 4334 ipsi
672 4235 873 4311 dixerunt:
898 4235 1064 4334 „Verum
1083 4234 1188 4330 dicis,
1208 4241 1316 4333 pater
1334 4232 1494 4334 Georgi,

374 4359 441 4436 sed
460 4341 659 4460 aute'quam
688 4382 770 4438 cum
800 4368 908 4438 eraut
937 4359 1120 4440 Germani
1139 4363 1209 4440 sub
1227 4361 1356 4459 Buda,
1377 4385 1494 4460 equa-

374 4485 463 4565 liter
482 4509 565 4564 cum
584 4489 679 4588 ipsis
698 4489 950 4588 potuissemus
978 4489 1120 4587 aliquid
1145 4491 1294 4586 facere;
1321 4489 1389 4566 sed
1411 4491 1494 4590 jam

376 4633 504 4692 sumus
531 4615 679 4694 omnino
705 4617 776 4694 sub
803 4637 915 4694 mauu
953 4614 1106 4696 Cesaris
1144 4617 1366 4696 Turcarum.
1403 4615 1494 4695 Jam
