3226 5220
1095 499 1169 577 139

81 715 204 772 oruoom
222 717 306 772 oum
323 694 451 790 glodio
468 695 569 772 beati
593 693 776 795 Stephani
805 695 923 797 Regis
941 699 990 776 ad
1007 707 1168 800 septem·

81 821 237 920 trionem,
263 829 396 920 quarto
432 822 521 898 ieoit
556 823 703 918 signum
739 823 865 919 gladio
893 825 941 901 ad
968 825 1168 903 meridiem.

81 946 240 1048 Episcopi
267 948 320 1025 ibi
347 949 503 1024 solutari
529 957 636 1024 orant
662 949 901 1046 singillatim,
931 959 969 1025 et
1003 954 1168 1030 oseulon.

83 1096 171 1168 oum,
190 1083 231 1149 vt
248 1073 355 1151 Deus
382 1082 419 1150 et
445 1075 557 1150 beata
584 1074 704 1171 Virgo
724 1097 806 1152 oum
832 1079 973 1154 sanetis
999 1087 1172 1176 protegat

81 1223 185 1276 oorom
213 1199 288 1276 Dei
316 1199 394 1276 filio
422 1223 490 1278 suo
510 1229 519 1276 r
544 1201 621 1299 ,Vt
637 1200 820 1298 Majestas
839 1202 924 1278 Tne
943 1211 1115 1302 protegat
1134 1213 1171 1279 et

82 1323 236 1404 detentat
253 1325 426 1423 Regnum
445 1327 640 1424 Hungarie
650 1337 811 1404 ettotam
821 1328 1166 1407 christianitatem.“

167 1453 216 1528 Et
244 1476 330 1550 mox
359 1455 576 1552 inoeperunt
618 1453 697 1552 ,Te
725 1455 833 1533 deum
863 1455 1101 1553 laudamus,“
1133 1467 1171 1533 et

82 1587 306 1676 portauerant
324 1579 372 1656 ad
391 1579 599 1680 hospicium
618 1603 725 1658 suum
744 1581 792 1657 ad
811 1582 958 1658 domum
975 1583 1168 1682 prepositi.

81 1705 120 1780 Et
134 1707 182 1784 ait
199 1708 337 1786 Petrus
361 1708 496 1783 Primi:
520 1708 627 1805 ,Ego
647 1731 721 1784 non
739 1707 875 1786 sedebo
895 1709 943 1785 od
960 1710 1167 1808 prandium,

80 1833 176 1911 loneo
194 1834 244 1926 ad
261 1856 393 1911 manus
418 1857 521 1910 meos
539 1857 613 1910 non
631 1834 831 1932 porrigetis
859 1857 1034 1912 coronam
1053 1859 1169 1933 ange·

80 1960 203 2038 iram.“
218 1961 304 2038 Rex
314 1962 483 2040 loannes
492 1984 578 2038 mox
597 1962 839 2038 contristatus
857 1970 939 2039 erat
956 1969 994 2037 et
1011 1964 1170 2040 nesoiuit

18 2101 19 2134 l
80 2087 224 2166 morose
244 2087 444 2186 quidquem
462 2085 688 2186 respondere
707 2096 839 2164 eontra
858 2109 952 2164 eum.

363 2395 693 2499 (onrnnunun
721 2395 862 2500 nnn).

163 2615 267 2700 lam,
286 2615 427 2690 finires
446 2614 644 2702 carissimi,
662 2615 724 2688 hio
741 2614 874 2709 inoipit
890 2615 1049 2688 modiolo
1066 2615 1169 2712 prin·

81 2737 194 2834 opalia
222 2739 385 2817 Joannis
421 2739 556 2836 Regni.
595 2741 711 2817 Vttrn.
749 2737 962 2816 vooanioset
997 2739 1171 2836 antiquos

18 2843 20 2942 i
81 2865 296 2942 consiliarios
325 2889 435 2961 suos,
465 2865 639 2942 videlieet
658 2865 864 2962 Georgium
883 2865 974 2940 Basi
994 2867 1056 2940 vel
1075 2865 1168 2941 Bar-

81 2985 286 3068 tholomeum
305 2991 485 3089 Horwat3
505 3000 542 3069 et
560 2992 764 3070 Verbwohi
784 2990 997 3090 Stephanus
1015 2993 1168 3069 obtauit.

81 3111 145 3210 Ego
169 3117 317 3214 quidem
344 3120 622 3216 intelligebam,
653 3119 741 3216 qnid
768 3119 925 3194 eueniet
951 3119 1034 3196 sibi.
1064 3117 1115 3193 Et
1133 3119 1169 3194 ei

18 3231 20 3326 i
81 3237 214 3339 trooni,
235 3245 299 3343 qui
319 3267 417 3321 nuno
435 3253 567 3345 coptus
594 3246 732 3354 residet
759 3253 850 3356 aput
880 3243 1167 3333 Ferdinandum

82 3373 186 3466 *tego
204 3371 435 3470 predicerem
464 3373 587 3470 Regio
616 3373 827 3470 Majestatis
854 3393 942 3467 sue,
971 3377 1012 3446 vt
1029 3393 1168 3468 nequa·

81 3515 169 3590 quarn
188 3499 295 3577 daret
313 3522 486 3576 ooronom
517 3501 726 3598 angelicam
744 3499 798 3592 ool,
809 3521 941 3576 manns
959 3500 1059 3596 ejus,
1080 3497 1169 3594 quio

81 3613 238 3702 introeat
265 3623 347 3702 sine
376 3626 588 3704 maturitate
617 3635 655 3702 et
680 3625 878 3703 instabilis.
908 3623 1094 3703 Ourebam
1122 3623 1170 3700 od

82 3739 217 3826 hostium
236 3751 357 3848 Regie
376 3751 600 3852 Majestatis,
619 3778 693 3830 non
712 3755 890 3830 miserunt
907 3753 1004 3829 intro
1023 3750 1167 3828 isti-ho-

82 3893 252 3972 rosoones,
280 3877 349 3954 sed
376 3879 509 3979 melius
546 3881 837 3957 verberauerunt
870 3901 952 3954 oum
979 3877 1105 3955 verbio
1132 3883 1170 3952 et

82 4017 146 4074 oum
161 4003 479 4103 vopulooionibu‘s.
509 4005 753 4082 Melohiorem
773 4003 978 4080 Literatum
996 4005 1035 4080 in
1054 4003 1167 4080 obuio

82 4127 155 4220 noi,
180 4127 271 4207 dixit
298 4130 378 4206 mi:
403 4129 523 4227 ,Quid
550 4133 630 4226 vis,
660 4133 806 4208 domine
835 4129 978 4228 Georgi
1007 4127 1164 4229 peteri“

83 4245 155 4328 Dixi
178 4257 246 4334 sibi
267 4285 277 4332 ε
302 4259 406 4354 ,Eas
434 4258 561 4334 statim
588 4257 635 4334 ad
664 4260 827 4356 Regem,
857 4267 896 4336 et
913 4258 971 4334 (lie
990 4259 1044 4353 ei,
1063 4263 1105 4331 vt
1122 4280 1169 4332 ne

82 4380 224 4478 porrigat
240 4407 418 4462 eoronam
428 4385 616 4464 almanus
635 4387 738 4463 Petri
749 4384 1088 4484 Prini„quiopeior
1098 4385 1170 4460 erit

84 4505 251 4599 aptiori.“
284 4509 336 4585 Et
353 4509 455 4587 illino
485 4511 693 4609 Gregorius
713 4513 901 4608 Pestieni,
923 4511 985 4609 qui
1004 4519 1087 4587 erot
1104 4535 1168 4589 oor

85 4621 166 4706 Petri
189 4633 313 4732 Prini,
344 4637 432 4735 quia
451 4661 475 4713 a
493 4637 683 4715 iuuentute
713 4661 782 4716 sua
809 4659 940 4714 seruus
963 4644 1046 4713 erat
1063 4637 1167 4713 Petri

85 4759 112 4822 tt
126 4755 186 4834 rili
203 4761 375 4839 Emerioo
394 4761 498 4839 Prini
527 4760 641 4864 (putri
661 4761 801 4868 Petri);
820 4771 858 4840 et
885 4765 951 4840 alii
981 4764 1165 4858 similiter,
