3238 5228
383 430 463 512 a1o

381 654 460 711 scm
479 628 666 730 captiuum
683 637 721 707 et
738 635 942 729 posuerunt
959 649 1042 706 eum
1069 630 1109 705 iu
1137 637 1296 726 angusto
1322 631 1431 726 loco;
1463 639 1507 706 ct

382 781 477 837 vxor
501 759 581 836 cius
598 763 857 858 permanserat
883 754 982 832 nuds
999 778 1083 832 cum
1101 755 1232 833 liberis
1250 757 1340 834 suis.
1369 757 1425 833 Et
1443 765 1507 834 ta-

381 885 566 970 leserunt
583 882 759 982 Hungari
776 882 817 958 in
834 881 1039 960 tradicione
1057 882 1157 958 bona
1174 903 1312 959 eorum.

710 1165 1042 1271 (cnrununun
1069 1165 1168 1271 xo).

492 1388 651 1465 Domum
669 1386 885 1482 audierunt,
915 1385 1013 1483 quod
1031 1388 1110 1484 jam
1128 1385 1247 1462 tendit
1265 1381 1415 1488 (Gritti)
1437 1385 1509 1462 ad·

384 1538 517 1594 uersus
535 1512 781 1610 Hungariam.
801 1512 1010 1609 Timerunt,
1032 1511 1130 1609 quod
1148 1512 1282 1589 stolido
1301 1535 1345 1590 ac
1362 1513 1510 1590 insana

387 1649 509 1719 mente
537 1640 725 1729 fecissent.
754 1637 871 1716 Venit
896 1635 978 1714 Rex
1006 1637 1051 1712 de
1070 1636 1348 1715 Transilwania
1364 1637 1510 1716 iterum

387 1768 435 1842 ad
463 1766 607 1842 Bndam
633 1772 718 1864 post
745 1764 989 1841 Parastencn.
1019 1763 1067 1838 ad
1093 1763 1230 1840 festum
1257 1762 1511 1842 Ascensiouia

388 1892 551 1970 Domini.
581 1891 633 1966 Et
660 1891 815 1968 intrauit
841 1889 926 1966 Rex
945 1890 993 1966 ad
1011 1912 1134 1966 arcem
1153 1913 1235 1965 cnm
1260 1889 1386 1967 multis
1405 1891 1510 1968 mili·

386 2019 438 2096 tis
456 2041 501 2095 ac
519 2017 677 2094 dominis
705 2017 880 2114 egregiis.
910 2013 1005 2094 Cum
1033 2039 1123 2094 vero
1142 2015 1224 2092 Rex
1243 2017 1324 2094 sine
1342 2017 1509 2117 prandio

388 2144 549 2222 libenter
577 2150 797 2242 coquerent,
826 2141 1057 2240 Regiestatis
1075 2165 1149 2218 non
1166 2142 1355 2220 habebant
1380 2143 1509 2240 ligna,

389 2272 456 2350 sed
474 2272 598 2349 omnia
625 2271 880 2348 destribebant
907 2270 1092 2370 provisori
1121 2271 1223 2348 curie
1241 2271 1339 2348 arcis
1358 2270 1509 2348 Buden.

391 2397 680 2495 Interrogabant
698 2397 803 2473 cuins
825 2396 951 2472 fenum
977 2395 1153 2473 deberent
1179 2398 1304 2472 fenum
1329 2405 1367 2473 et
1383 2399 1509 2496 pabu-

389 2527 555 2636 lumpro
576 2524 683 2621 equis
709 2521 940 2620 Regiestatis
967 2523 1068 2600 dare.
1097 2524 1149 2598 Et
1166 2523 1367 2600 dicebant:
1392 2523 1510 2622 „Non

389 2652 506 2730 babet
531 2651 594 2728 bic
621 2649 704 2726 Rex
731 2671 853 2747 neque
878 2649 1003 2726 lenum
1032 2672 1151 2747 neque
1178 2650 1284 2747 ligna
1309 2650 1358 2725 ad
1375 2651 1510 2748 coqui-

390 2779 512 2856 nam.“
544 2779 596 2854 Et
613 2777 695 2876 ipsc
713 2777 783 2852 heo
801 2775 988 2872 audiebat,
1009 2781 1046 2854 et
1064 2777 1119 2881 nil
1137 2773 1397 2875 respondebat.
1419 2777 1511 2874 Ego

393 2928 481 2982 vero
510 2927 593 2980 curn
621 2902 745 2979 audiui
775 2930 783 2977 :
817 2900 947 3001 „Nob,
976 2925 1066 2980 vere
1102 2903 1345 3002 appellabant
1381 2903 1511 3002 ipsum

392 3039 560 3130 tempore
594 3029 807 3129 vayvodatu
834 3051 902 3107 suo
940 3029 1002 3106 isti
1039 3029 1179 3106 milites
1215 3029 1374 3125 limites,
1406 3031 1511 3128 quod

393 3165 494 3236 esset
511 3156 705 3234 chaterius
723 3155 862 3257 vayda,
883 3163 920 3233 et
938 3179 1026 3234 vere
1045 3155 1126 3234 Rex
1146 3165 1203 3234 est
1221 3157 1419 3234 catelnia.“

499 3281 652 3358 Interim
689 3283 791 3358 venit
827 3282 996 3360 dominus
1033 3287 1261 3382 guberuator
1288 3285 1334 3360 de
1362 3285 1512 3364 'Porcia

394 3432 477 3488 cum
496 3415 659 3486 caterua
676 3431 757 3487 sua.
779 3409 853 3488 Sed
866 3415 946 3511 jam
957 3411 1125 3489 Joaunes
1143 3410 1334 3489 Litcratns
1352 3413 1398 3488 de
1418 3437 1512 3490 arce

395 3539 502 3614 Buda
520 3560 588 3638 per
607 3537 735 3636 aliqua
753 3539 877 3635 corda,
897 3539 992 3637 qnod
1010 3563 1106 3616 vxor
1124 3565 1193 3618 sua
1211 3543 1281 3618 sub
1299 3542 1401 3640 palio
1419 3565 1511 3639 por-

394 3664 568 3742 tauissett
586 3664 641 3760 ei,
672 3671 709 3740 et
734 3665 788 3742 sic
816 3667 1006 3743 absolutus
1024 3667 1168 3744 fuisset.
1197 3667 1250 3742 Et
1267 3666 1395 3744 eodem
1413 3673 1512 3742 tem·

395 3813 485 3892 pore
502 3791 620 3868 irater
640 3787 828 3888 Georgius
848 3813 929 3868 cum
940 3791 1044 3890 Rege
1062 3795 1289 3890 ambulabat,
1310 3801 1348 3870 et
1364 3793 1513 3872 Paulus

395 3925 476 3995 erat
501 3919 675 4016 exigatur
702 3919 742 3994 in
769 3919 898 3997 multis
925 3921 1034 3997 annis
1061 3921 1141 3998 sine
1159 3922 1312 4000 racione
1330 3920 1511 3998 radenda.

372 4043 449 4154 ,ut
467 4043 635 4122 dominus
662 4046 891 4141 gubernator
920 4049 1079 4144 rogabat
1105 4047 1151 4122 de
1170 4049 1254 4147 ipso
1272 4053 1419 4124 centum
1438 4047 1509 4124 flo-

397 4153 531 4248 renos(
550 4170 600 4246 Et
618 4171 700 4270 ipsc
719 4171 862 4250 Paulus
888 4173 1081 4272 pusiculus
1108 4181 1251 4252 stature
1270 4181 1351 4250 erat
1367 4180 1405 4249 et
1422 4197 1514 4252 raro

396 4296 522 4374 breuis
539 4295 691 4373 humilis
710 4297 865 4394 negauit
883 4297 984 4374 dare.
997 4299 1048 4374 Et
1057 4299 1146 4376 iecit
1156 4300 1360 4400 captinare,
1377 4321 1513 4396 quam-

398 4424 525 4502 obrem
541 4423 718 4500 famulum
745 4446 851 4502 suum
880 4425 1205 4504 tricessimatorem
1223 4427 1455 4525 spoliassent
1471 4427 1513 4504 in

399 4557 544 4628 murata
571 4551 742 4646 ciuitate,
772 4557 810 4626 et
836 4551 1024 4630 Simonem
1052 4551 1273 4630 Litterarum
1301 4551 1512 4630 admodum.

401 4673 476 4760 Sed
499 4675 583 4762 Rex
609 4677 778 4762 Joannes
805 4677 999 4758 excusauit
1023 4701 1106 4758 cum
1134 4679 1315 4762 latronem
1333 4677 1379 4756 de
1398 4701 1513 4758 mauu
