3294 5208
1169 425 1220 503 39

124 624 263 698 siueiter
280 645 405 700 eoram
424 621 703 721 prothonotario
714 631 751 698 et
766 647 890 698 eoram
911 621 1087 724 Capitulo
1108 624 1223 718 Quin-

126 771 187 845 que
214 751 446 828 Euelesieusi
473 751 542 827 sub
570 749 641 826 fide
670 759 707 826 et
733 752 802 828 sub
823 751 1071 849 privilegione
1089 752 1225 829 litteris

34 949 35 976 ἶ
127 877 239 972 sigilis
257 878 502 978 pendentibus
522 901 569 954 ex
588 884 745 976 utraque
762 878 893 975 nobis;
912 885 950 952 et
968 885 1033 955 tua
1050 878 1116 954 fiat
1134 887 1226 979 aput

34 991 35 1040 3
126 1025 184 1096 me,
203 1011 240 1078 et
258 1027 333 1080 una
351 1003 416 1080 fiat
433 1011 525 1102 aput
542 1005 615 1078 te.“
646 1003 878 1080 Laurenuus
897 1003 971 1080 dux
990 1027 1225 1103 nequaquam

34 1117 35 1176 ³
126 1131 233 1228 potuit
260 1133 385 1206 faeere
414 1131 536 1226 aliud;
575 1131 694 1207 etsie
722 1155 846 1208 eoram
879 1131 1161 1231 prothonotario
1189 1141 1227 1208 et

129 1279 240 1332 euram
269 1258 435 1355 predicto
463 1257 627 1355 capitulo
647 1256 701 1332 sie
729 1256 989 1354 decreuerunt,
1014 1264 1053 1332 et
1071 1259 1227 1356 quilibet

128 1383 244 1459 babuit
269 1383 492 1481 pendentem
520 1407 601 1459 uum
631 1383 743 1478 sigilo
783 1384 984 1482 privilegia
1011 1385 1125 1461 bulle.
1163 1384 1226 1461 Sic

127 1509 277 1604 grauiam
308 1509 390 1584 leue
410 1509 710 1607 praetieaueruut
738 1510 837 1608 apud
855 1509 1011 1606 Regem.
1042 1509 1115 1603 Qui
1143 1510 1226 1586 Rex

129 1635 233 1710 eciam
249 1641 509 1735 premeditabat
529 1641 574 1712 ab
594 1648 667 1732 eia,
687 1633 817 1737 quia*)
838 1637 870 1712 ai
890 1636 1047 1745 dixisset
1065 1635 1224 1736 Stepha-

129 1785 186 1838 uus
212 1762 493 1854 thesaurarius,
534 1769 645 1836 utne
674 1761 882 1837 comederet
917 1786 992 1837 vua
1021 1762 1227 1840 ebdomada

34 1887 35 1890 ‘
129 1889 334 1990 quidquam3
366 1889 468 1965 aliud
484 1911 718 1986 nequaquam
745 1890 935 1966 debuisset
964 1891 1109 1986 faeere,
1139 1893 1227 1989 quia

129 2039 245 2118 nempe
266 2019 480 2095 metuebant
499 2039 593 2113 eum,
614 2018 710 2094 sieut
729 2016 872 2114 Regem
891 2017 1085 2095 Mathiam.

432 2251 761 2364 (eupiuuuuu
781 2251 905 2354 xvi).

221 2450 385 2527 Postheu
404 2449 650 2526 Laureueium
670 2423 800 2525 ducem
808 2451 1004 2547 elegerunt
1017 2459 1104 2550 post
1121 2454 1226 2553 puel-

130 2579 191 2652 iam
209 2579 253 2654 de
272 2579 421 2677 Napol,
442 2587 482 2652 vt
500 2580 581 2678 ipse
600 2579 749 2652 duceret
768 2578 946 2655 Ladislao
966 2579 1092 2675 Rege,
1114 2602 1228 2676 quere
1281 2649 1286 2658 .

131 2705 318 2783 ditissimus
337 2708 514 2806 princeps
534 2714 625 2802 erat,
647 2714 685 2780 et
703 2729 784 2781 eum
806 2730 940 2804 magno
961 2708 1125 2782 exercitu
1143 2729 1226 2804 pre-

34 2927 35 2948 *
133 2835 266 2928 parauit
293 2858 354 2930 se,
385 2842 422 2908 et
450 2833 606 2909 duxerat
633 2841 786 2908 matrem
807 2832 988 2908 Ludoviei
1008 2831 1145 2928 Regis,
1166 2833 1228 2930 qui

133 2981 258 3058 pauper
277 2961 314 3034 in
333 2961 506 3058 paludem
535 2985 662 3038 casum
691 2960 854 3036 dederat.
884 2961 1024 3036 Postea
1052 2959 1134 3034 Rex
1154 2958 1228 3034 La-

134 3081 260 3161 disiaus
278 3084 407 3160 habuit
425 3109 535 3160 unam
550 3093 715 3162 ancillam
736 3093 779 3162 de
800 3091 973 3163 Beutrtce
984 3082 1039 3186 **)
1059 3091 1096 3160 et
1114 3108 1227 3162 vuum

134 3205 234 3285 ilium
254 3213 399 3286 nomine
419 3209 659 3286 Ludouieum.
680 3212 730 3286 Et
741 3211 869 3286 eodem
878 3217 1044 3309 tempore
1057 3209 1230 3308 Hungari

34 3337 35 3360 ³
134 3345 198 3412 erat
216 3339 254 3413 in
274 3339 373 3412 bello
401 3345 531 3413 eontra
559 3337 761 3418 Alemeuos
791 3345 828 3412 et
855 3338 1112 3438 precellebant
1140 3336 1228 3412 Ale-

135 3484 225 3538 mauo
254 3485 338 3538 cum
366 3464 552 3562 triumpho
581 3487 728 3560 magno.
758 3461 850 3537 Inde
880 3462 1028 3560 quidem
1056 3460 1230 3559 Hungari

136 3593 381 3676 memorabant,
407 3590 576 3686 assidue,
606 3599 646 3665 vt
674 3591 774 3667 filius
802 3598 963 3666 meretur
992 3613 1165 3667 eoronam
1193 3598 1231 3666 et

34 3801 35 3838 x
138 3713 268 3814 Regina
296 3719 447 3794 tenebat
473 3719 589 3793 tilium
627 3717 857 3794 Ludouiuum
885 3720 933 3794 ab
962 3717 1156 3812 Hungaris
1183 3719 1230 3794 de

34 3945 35 3954 Ν
138 3843 244 3942 aliqua
262 3845 595 3924 inthoxiaeaeione.
628 3847 822 3923 Emerieus
841 3846 999 3942 Thprpk
1019 3854 1100 3923 erat
1119 3845 1228 3922 valde

139 3973 219 4068 apud
235 3973 439 4050 Coruinum
468 3973 652 4049 Joanuem
681 3975 800 4048 faetor
818 3997 896 4049 sew
924 3973 1134 4071 provissor,
1163 3971 1230 4048 sed

34 4137 35 4160 ι
139 4095 286 4176 Joames
315 4098 502 4178 Coruinus
530 4101 696 4176 exalbuit
713 4100 758 4175 de
778 4099 924 4176 mundo.
951 4100 1039 4176 Jam
1058 4121 1152 4176 vxor
1169 4121 1228 4174 re-

140 4221 298 4303 tietaerat
311 4226 591 4326 postdominum
610 4251 728 4323 suum,
749 4250 904 4326 eumque
922 4226 1110 4326 cepissent
1122 4225 1229 4327 pueri

141 4371 233 4451 super
250 4379 366 4456 equos
379 4356 458 4452 jam
485 4354 651 4454 equitare
670 4333 714 4431 ae
733 4377 880 4430 currere
908 4345 1168 4458 solebant,1⁴·t
1192 4357 1231 4428 et

169 4619 195 4687 ⁶)
211 4621 272 4680 ub
284 4620 338 4678 kda
353 4589 549 4692 ssdepandebat
566 4638 584 4675 e
602 4619 759 4697 Stephano,
772 4620 875 4678 vnde.“

157 4711 199 4780 ⁹⁸)
216 4712 278 4770 idda
296 4710 350 4768 tta
366 4709 492 4786 javittae
513 4709 614 4785 „filiam
632 4713 745 4772 Annam
763 4712 900 4772 numine.“
