3248 5210
391 465 467 544 126

390 663 476 741 dum
494 665 708 744 scribebant
735 666 785 742 id.
815 689 913 744 anno
944 663 1045 747 1525
1071 666 1118 772 *).
1148 669 1199 744 Et
1227 667 1396 747 dominus
1423 671 1513 748 vai-

389 791 488 868 uoda
507 815 663 892 cumque
691 793 859 872 audisset
886 796 1033 892 nigrum
1060 796 1249 872 hominem
1277 821 1512 895 congregari.

391 915 547 1022 (facere)
573 943 656 995 cum
684 921 932 1018 multitudine,
953 923 1042 1020 qnia
1060 923 1240 998 Trnciani
1268 924 1516 1002 confluebant

391 1045 440 1120 ad
458 1068 543 1122 cnm
562 1049 671 1144 quasi
690 1047 738 1124 ad
755 1071 893 1125 nouum
911 1057 1103 1146 sanctum;
1133 1046 1187 1151 (et
1205 1051 1351 1152 optauit
1368 1049 1449 1154 Jo.)
1471 1059 1516 1126 vt

391 1173 537 1250 veniret
555 1174 603 1249 ad
621 1197 716 1252 eum.
738 1176 790 1250 Et
799 1177 902 1253 venit
912 1176 961 1253 ad
970 1175 1138 1277 Thokay
1146 1184 1210 1252 tm.
1222 1201 1305 1252 cum
1316 1200 1361 1254 co
1379 1179 1514 1254 decem

393 1301 574 1378 militibus
602 1303 807 1401 accepisse.
845 1303 1014 1403 Cumque
1040 1306 1217 1382 intrasset
1244 1305 1294 1379 ad
1320 1305 1515 1382 dominum

392 1429 592 1505 vainodam
610 1430 804 1508 humilian.
816 1454 952 1509 secum
970 1433 1115 1530 poplite
1125 1453 1251 1528 curuo,
1270 1439 1367 1508 etse
1385 1431 1515 1530 ipsum

393 1556 673 1635 commendasse
701 1560 801 1658 cepit
828 1560 954 1636 verbis
978 1558 1250 1635 fauentissimis
1277 1564 1316 1632 ct
1341 1557 1514 1636 dicebat:

397 1684 534 1782 „Quod
558 1687 768 1785 ubicunque
796 1688 912 1763 uellet
937 1694 1002 1762 tua
1030 1685 1314 1782 magnificencia
1337 1685 1514 1777 mesore,

393 1812 446 1889 ibi
465 1813 615 1909 stabo;“
644 1819 682 1889 et
699 1813 841 1891 Joanni
869 1811 1029 1890 vaiuodc
1053 1811 1201 1888 adhesit
1227 1819 1404 1909 tanquam
1429 1833 1515 1888 ser-

394 1961 477 2014 uus.
497 1939 683 2018 Dominus
706 1939 1391 2038 vainodagratoanimoaccepitsnam
1409 1961 1514 2013 com·

394 2065 696 2161 mendacionem‚
726 2073 763 2142 et
790 2067 1016 2144 intrinsecus
1048 2067 1139 2144 fecit
1161 2068 1414 2163 juramentum
1442 2087 1516 2163 per

396 2215 527 2270 manus
547 2193 686 2270 domini
704 2193 876 2290 vaiuode,
898 2191 996 2290 quod
1013 2193 1085 2268 rite
1104 2193 1263 2269 seruiret
1281 2191 1317 2267 ei
1335 2191 1383 2267 ad
1400 2189 1515 2268 fidem

252 2363 262 2394 r
395 2343 502 2398 suam
520 2327 745 2418 susceptam.
775 2318 938 2398 Posthec
964 2318 1134 2395 dominns
1161 2319 1331 2396 Joannes
1349 2317 1516 2394 vaiuoda

395 2447 549 2524 donauit
575 2469 658 2522 cum
685 2447 792 2544 equis
819 2454 856 2522 et
883 2467 966 2522 cum
994 2445 1172 2544 expensis
1200 2453 1237 2521 et
1264 2446 1310 2521 de
1337 2446 1446 2540 aliis}
1476 2453 1516 2520 et

396 2574 562 2674 precepit
580 2575 673 2672 sibi,
702 2581 744 2650 vt
761 2575 861 2650 vltra
889 2572 1073 2670 equitaret
1100 2573 1269 2650 Turiam
1295 2571 1361 2647 flui
1380 2571 1429 2648 ad
1447 2571 1514 2648 de-

396 2703 558 2778 solatam
576 2709 715 2778 terram
735 2699 1000 2800 Bacnmcgya
1021 2701 1111 2797 quia
1130 2701 1252 2778 adhuc
1269 2701 1308 2775 in
1328 2697 1514 2775 Bachme·

396 2851 471 2929 gye
490 2829 606 2904 multa
625 2828 828 2905 aliomonia
847 2829 1055 2926 apparebat
1072 2850 1140 2926 per
1163 2829 1278 2904 villas
1297 2843 1455 2902 aceruos
1474 2831 1515 2898 et

396 2979 545 3056 pecora,
566 2979 638 3054 que
647 2956 695 3032 ad
704 2963 849 3032 sortem·
861 2954 935 3030 Dei
952 2955 1240 3053 permansisset;
1260 2963 1297 3030 et
1315 2955 1370 3031 sic
1388 2952 1516 3030 emisit

398 3106 505 3160 eum·
520 3085 571 3159 Et
587 3085 653 3160 illc
672 3083 698 3161 J
700 3107 798 3160 ovan
816 3081 919 3160 Char
945 3105 1028 3158 cum
1047 3083 1284 3160 multitudine
1302 3083 1513 3160 Traciano-

398 3233 480 3286 rum
498 3211 572 3286 cito
592 3212 774 3308 equitauit
791 3233 859 3309 per
877 3211 1026 3286 Ticiam
1043 3209 1121 3286 flui.
1142 3211 1194 3286 Et
1212 3210 1257 3288 de
1276 3211 1418 3288 'Porcia
1435 3211 1514 3288 Re-

398 3360 473 3433 gno
503 3339 609 3414 multi
638 3336 818 3414 Tranioni
846 3338 1046 3414 currebant
1073 3337 1123 3412 ad
1149 3359 1233 3412 eum
1251 3338 1359 3435 quasi
1378 3337 1427 3414 ad
1445 3362 1514 3414 nc-

399 3490 494 3544 uam
514 3465 747 3564 prophetam,
769 3471 807 3538 et
824 3463 976 3562 insuper
993 3464 1218 3542 fabulando
1234 3465 1514 3564 ipsomiracula

400 3595 525 3671 facere
553 3617 621 3692 per
648 3591 872 3690 opinionem.
902 3591 987 3687 Ego
1015 3591 1165 3688 quidem
1194 3591 1339 3668 audien.
1369 3615 1454 3668 eum
1473 3593 1514 3667 in

400 3722 560 3824 Thocay
577 3719 738 3798 residen.
757 3719 857 3818 quod
875 3720 992 3796 abens
1014 3718 1310 3796 conventiculam
1329 3719 1446 3796 cicius
1465 3719 1514 3796 ad

400 3849 641 3928 Oassouicn..

509 3978 560 4053 Et
586 3973 776 4078 in(u)itaui
795 3975 844 4050 ad
861 3975 1048 4054 Joannem
1074 3972 1292 4068 minuciam,
1322 3973 1409 4070 quia
1427 3997 1516 4072 pre·

402 4112 555 4203 ceperat
572 4103 621 4179 ad
639 4127 734 4200 eum,
754 4111 795 4178 vt
813 4103 994 4198 vendent,
1015 4109 1052 4176 et
1061 4100 1117 4176 sic
1125 4100 1279 4177 ibcbant
1297 4101 1401 4176 ciues
1419 4097 1514 4177 Oas-

402 4233 596 4308 souicnses
616 4231 715 4308 circa
734 4231 877 4329 ipsum,
902 4237 940 4306 et
958 4250 1029 4324 ego
1048 4251 1131 4304 cum
1150 4229 1218 4304 eis.
1239 4225 1408 4324 Onmquc
1426 4250 1514 4324 pro·

402 4359 617 4457 perauimus
635 4357 683 4433 ad
701 4356 890 4457 Thokay,
918 4363 1054 4432 extunc
1081 4356 1203 4454 ipsum
1231 4355 1309 4430 vidi
1327 4355 1513 4432 Joannem

403 4485 535 4584 Docij3
554 4485 631 4561 vidi
650 4485 803 4562 Petrum
822 4483 940 4578 Prini3
959 4481 1037 4558 vidi
1055 4483 1287 4582 prepositum
1306 4479 1513 4577 Georgium

439 4775 472 4842 θ)
493 4773 693 4844 Heiyescbbcn
713 4775 793 4831 1526.
