3238 5228
1122 516 1201 601 299

20 753 21 758 ’
99 733 146 801 set
162 729 285 824 lugam
306 728 352 803 ad
381 737 503 805 aree'm
533 727 675 804 Budam
703 727 750 802 ad
768 726 919 820 ‘Regem
948 721 1132 800 Joannem
1152 725 1198 800 de

20 867 21 934 ἴ
100 863 230 931 castore
258 855 351 930 belli
380 855 542 932 ductoris
570 853 772 933 Wilhelmi.
803 853 853 926 Et
880 851 933 928 ibi
953 849 1073 926 media
1091 857 1199 926 nocte

20 973 21 1024 ἶ
98 1001 288 1080 pauperum
325 981 588 1077 latitauerunt,
626 1005 671 1056 ac
706 980 884 1057 suffocan.
921 978 1135 1076 proicerent
1159 976 1199 1051 inl

99 1129 158 1180 mo
174 1103 215 1160 89-
226 1105 267 1206 pv.
287 1107 438 1206 antiquo
456 1107 641 1206 profundo
660 1113 794 1206 puteo,
814 1111 853 1180 et
869 1105 926 1182 sic
944 1103 1064 1180 finiuit
1083 1103 1199 1180 vitam

99 1253 188 1308 suam
207 1239 277 1308 etc.
769 1225 777 1246 '

187 1355 342 1434 Interim
369 1367 525 1437 venerat
551 1359 633 1436 Rex
660 1359 831 1437 loannes
857 1357 896 1433 in
924 1363 1043 1434 estate
1071 1370 1198 1432 mense

100 1483 253 1581 Augusto
267 1488 346 1584 jam
375 1487 593 1564 secundario
612 1487 658 1563 de
677 1485 999 1579 Transsilwania,
1028 1484 1117 1582 quia
1135 1481 1199 1559 isti

99 1607 354 1690 Transailwani
382 1635 628 1714 sepenumero
666 1615 885 1690 mutuabant
913 1611 1021 1687 iidem
1049 1627 1198 1703 eorum;

98 1736 262 1815 mterrlum
288 1739 337 1814 ad
364 1738 506 1838 Regem
533 1741 738 1836 loannem,
767 1738 949 1815 interdum
977 1737 1025 1813 ad
1053 1737 1198 1833 Regem

20 1879 21 1890 ¹
99 1861 371 1942 Fertinandum.
400 1867 611 1965 Propterea
637 1865 720 1942 Rex
749 1886 890 1964 pauper
908 1845 1083 1941 currebat
1101 1863 1199 1938 inter
1300 1935 1305 1950 ,

98 2009 158 2086 eos,
177 2015 223 2068 ne
242 1993 477 2069 vacillarent.
506 1993 636 2069 Eeiem
666 1994 769 2068 venit
796 1992 880 2068 Rex
908 1991 957 2066 acl
985 1990 1129 2066 Budam
1157 1995 1195 2063 et

102 2139 169 2192 cum
188 2143 232 2195 eo
253 2141 429 2216 magnum
456 2125 601 2196 scutum
621 2119 669 2194 od
688 2117 941 2212 militandum,
961 2125 998 2192 et
1017 2115 1198 2192 admiran.

97 2247 320 2322 currebamus
355 2247 494 2323 videre.
534 2248 585 2322 Et
611 2247 715 2323 illum
743 2253 888 2323 scutum
917 2244 1120 2322 destinauit
1148 2243 1196 2316 ael

98 2367 223 2466 Regem
242 2369 519 2449 Ferdinantlum
538 2397 607 2472 per
636 2395 747 2448 vnum
765 2392 1022 2472 precursorem
1043 2369 1081 2444 in
1100 2368 1197 2444 dono

98 2496 249 2574 eniens
276 2497 332 2574 sic
359 2497 408 2575 ad
439 2499 582 2597 Regem
610 2497 905 2594 Ferdinandum,
926 2505 967 2572 vt
984 2495 1200 2574 defenderet

97 2643 184 2718 sese,
222 2625 311 2722 quia
348 2633 493 2704 statma
529 2649 598 2704 sua
626 2631 750 2728 potest
777 2627 927 2703 latitare
955 2645 1038 2701 sese
1068 2627 1198 2696 contra

96 2771 279 2828 mimicum.

326 3037 658 3142 (cnmnunuu
687 3037 946 3143 cxxxvn.)

190 3255 240 3332 Et
253 3259 332 3357 jam
353 3263 455 3335 fama
481 3259 638 3336 senebat
665 3259 704 3335 in
732 3257 885 3336 auribus
912 3257 1068 3350 nocuis,
1098 3255 1195 3355 quell

96 3377 201 3460 Cesar
219 3385 429 3463 Turcarum
448 3385 607 3462 intendit
626 3388 697 3464 sub
716 3387 904 3488 Viennam
922 3383 1092 3462 obsidere
1116 3386 1194 3482 jam

96 3511 303 3590 secundario
321 3535 390 3612 per
410 3511 581 3610 Regnum
601 3513 813 3590 Selauonie.
835 3514 885 3588 Et
902 3511 1050 3589 interim
1078 3511 1194 3586 domi·

96 3657 152 3714 nus
170 3637 289 3718 Gnitti
309 3647 469 3718 venerat
486 3663 570 3717 eum
588 3649 699 3738 gente
719 3642 883 3736 mixtim,
903 3639 1078 3716 videlicet
1096 3637 1192 3714 Tur·

95 3763 130 3854 ti,
148 3765 347 3863 Traciani‚
367 3767 481 3864 Itali;
502 3776 539 3844 et
557 3769 690 3846 circuit
709 3793 750 3846 sc
770 3768 999 3846 descendens
1025 3788 1108 3842 cum
1131 3787 1192 3841 ca-

95 3895 181 3970 store
197 3917 267 3973 suo
286 3895 326 3972 in
345 3895 528 3992 planicies
551 3895 830 3972 Kelewenieldi
857 3895 956 3972 inira
974 3917 1105 3972 arcem·
1118 3893 1190 3968 Bu·

95 4013 174 4095 dam.
195 4019 245 4096 Et
262 4020 313 4096 ibi
334 4019 503 4097 dominus
521 4023 750 4118 gubernator
777 4023 867 4097 iecit
895 4023 1058 4098 clamare
1085 4021 1191 4096 lunt:

96 4143 205 4226 nones
223 4147 272 4226 ad
291 4170 456 4225 mensem
476 4149 667 4248 peditibus
690 4157 768 4227 tres
796 4149 977 4244 florenos,
1006 4147 1192 4246 equitibus

97 4275 241 4376 quinque
261 4276 444 4372 florenos;
463 4279 625 4354 etmulti
645 4277 819 4376 Hungari
838 4275 1073 4355 confluebant
1090 4275 1191 4352 circa

95 4397 263 4484 dominnm
282 4407 584 4504 gubernatorem.
606 4407 657 4483 Et
675 4414 809 4483 cuncta
827 4431 917 4508 pars
936 4406 1055 4482 maior
1078 4403 1189 4480 atlhe-

96 4543 207 4610 serant
233 4535 333 4611 serui
363 4533 615 4632 neglecturis,
644 4541 685 4610 vt
712 4541 816 4634 patet
844 4531 1008 4609 Micheel
1037 4529 1189 4628 Ohaky,

97 4647 212 4755 Lelos
254 4663 371 4760 Kalaj
410 4669 446 4737 et
475 4661 598 4740 Lacki
626 4661 853 4740 Jcronimus.
883 4661 932 4738 Et
960 4683 1055 4736 vnus
1082 4657 1191 4732 miles

98 4773 300 4884 Tucianus,
319 4812 454 4865 nomen
464 4797 535 4867 cleti
555 4789 701 4866 Ratlioh
721 4789 767 4866 de
786 4795 892 4890 parte
903 4787 1187 4878 Germanorum,
