<?xml version="1.0" encoding="UTF-8"?>
<!DOCTYPE html PUBLIC "-//W3C//DTD XHTML 1.0 Transitional//EN"
    "http://www.w3.org/TR/xhtml1/DTD/xhtml1-transitional.dtd">
<html xmlns="http://www.w3.org/1999/xhtml" xml:lang="en" lang="en">
 <head>
  <title>
</title>
<meta http-equiv="Content-Type" content="text/html;charset=utf-8" />
  <meta name='ocr-system' content='tesseract 3.04.00' />
  <meta name='ocr-capabilities' content='ocr_page ocr_carea ocr_par ocr_line ocrx_word'/>
</head>
<body>
  <div class='ocr_page' id='page_1' title='image "./emlkiratamagyar00wenzgoog_0153.png"; bbox 0 0 3248 5210; ppageno 0'>
   <div class='ocr_carea' id='block_1_1' title="bbox 409 448 484 526">
    <p class='ocr_par' dir='ltr' id='par_1_1' title="bbox 409 448 484 526">
     <span class='ocr_line' id='line_1_1' title="bbox 409 448 484 526; baseline 0 0"><span class='ocrx_word' id='word_1_1' title='bbox 409 448 484 526; x_wconf 78' lang='lat' dir='ltr'><strong>los</strong></span> 
     </span>
    </p>
   </div>
   <div class='ocr_carea' id='block_1_2' title="bbox 404 651 1517 1136">
    <p class='ocr_par' dir='ltr' id='par_1_2' title="bbox 404 651 1517 1136">
     <span class='ocr_line' id='line_1_2' title="bbox 405 651 1515 753; baseline 0.009 -27"><span class='ocrx_word' id='word_1_2' title='bbox 405 651 527 749; x_wconf 87' lang='lat' dir='ltr'><strong>ipsum</strong></span> <span class='ocrx_word' id='word_1_3' title='bbox 545 674 629 728; x_wconf 89' lang='lat' dir='ltr'><strong>esse</strong></span> <span class='ocrx_word' id='word_1_4' title='bbox 647 651 833 747; x_wconf 82' lang='lat' dir='ltr'><strong>eogitare,</strong></span> <span class='ocrx_word' id='word_1_5' title='bbox 860 657 898 727; x_wconf 88' lang='lat' dir='ltr'><strong>et</strong></span> <span class='ocrx_word' id='word_1_6' title='bbox 915 653 966 733; x_wconf 93' lang='lat' dir='ltr'><strong>ibi</strong></span> <span class='ocrx_word' id='word_1_7' title='bbox 995 655 1077 753; x_wconf 89' lang='lat' dir='ltr'><strong>ipse</strong></span> <span class='ocrx_word' id='word_1_8' title='bbox 1096 656 1184 750; x_wconf 82' lang='lat' dir='ltr'><strong>snit,</strong></span> <span class='ocrx_word' id='word_1_9' title='bbox 1213 657 1304 736; x_wconf 82' lang='lat' dir='ltr'>felix</span> <span class='ocrx_word' id='word_1_10' title='bbox 1323 660 1393 736; x_wconf 79' lang='lat' dir='ltr'><strong>fuit</strong></span> <span class='ocrx_word' id='word_1_11' title='bbox 1410 655 1515 736; x_wconf 86' lang='lat' dir='ltr'><strong>aoies</strong></span> 
     </span>
     <span class='ocr_line' id='line_1_3' title="bbox 404 777 1514 877; baseline 0.004 -21"><span class='ocrx_word' id='word_1_12' title='bbox 404 777 493 871; x_wconf 83' lang='lat' dir='ltr'><strong>illa3</strong></span> <span class='ocrx_word' id='word_1_13' title='bbox 514 777 578 852; x_wconf 86' lang='lat' dir='ltr'><strong>vbi</strong></span> <span class='ocrx_word' id='word_1_14' title='bbox 595 777 677 876; x_wconf 91' lang='lat' dir='ltr'><strong>ipse</strong></span> <span class='ocrx_word' id='word_1_15' title='bbox 695 801 769 856; x_wconf 89' lang='lat' dir='ltr'><strong>uon</strong></span> <span class='ocrx_word' id='word_1_16' title='bbox 794 780 1075 877; x_wconf 86' lang='lat' dir='ltr'><strong>oomparuisset‚</strong></span> <span class='ocrx_word' id='word_1_17' title='bbox 1105 782 1157 860; x_wconf 91' lang='lat' dir='ltr'><strong>ibi</strong></span> <span class='ocrx_word' id='word_1_18' title='bbox 1185 783 1324 862; x_wconf 85' lang='lat' dir='ltr'><strong>iubeati</strong></span> <span class='ocrx_word' id='word_1_19' title='bbox 1352 785 1514 864; x_wconf 83' lang='lat' dir='ltr'><strong>inerunt.</strong></span> 
     </span>
     <span class='ocr_line' id='line_1_4' title="bbox 406 903 1517 1006; baseline 0.011 -29"><span class='ocrx_word' id='word_1_20' title='bbox 406 905 458 978; x_wconf 87' lang='lat' dir='ltr'><strong>Et</strong></span> <span class='ocrx_word' id='word_1_21' title='bbox 484 903 637 978; x_wconf 88' lang='lat' dir='ltr'><strong>intrauit</strong></span> <span class='ocrx_word' id='word_1_22' title='bbox 673 903 721 980; x_wconf 86' lang='lat' dir='ltr'><strong>ad</strong></span> <span class='ocrx_word' id='word_1_23' title='bbox 756 904 1118 1004; x_wconf 80' lang='lat' dir='ltr'><strong>arehiepisoopatum</strong></span> <span class='ocrx_word' id='word_1_24' title='bbox 1152 909 1313 1006; x_wconf 88' lang='lat' dir='ltr'><strong>Baohie,</strong></span> <span class='ocrx_word' id='word_1_25' title='bbox 1351 911 1390 988; x_wconf 90' lang='lat' dir='ltr'><strong>in</strong></span> <span class='ocrx_word' id='word_1_26' title='bbox 1418 913 1517 989; x_wconf 88' lang='lat' dir='ltr'><strong>iesto</strong></span> 
     </span>
     <span class='ocr_line' id='line_1_5' title="bbox 405 1027 1516 1136; baseline 0.01 -32"><span class='ocrx_word' id='word_1_27' title='bbox 405 1029 567 1104; x_wconf 92' lang='lat' dir='ltr'><strong>omnium</strong></span> <span class='ocrx_word' id='word_1_28' title='bbox 595 1027 814 1107; x_wconf 85' lang='lat' dir='ltr'><strong>Sauotorom</strong></span> <span class='ocrx_word' id='word_1_29' title='bbox 841 1055 939 1108; x_wconf 89' lang='lat' dir='ltr'><strong>anno</strong></span> <span class='ocrx_word' id='word_1_30' title='bbox 970 1029 1216 1136; x_wconf 80' lang='lat' dir='ltr'><strong>15211*)et</strong></span> <span class='ocrx_word' id='word_1_31' title='bbox 1239 1037 1287 1114; x_wconf 87' lang='lat' dir='ltr'><strong>ad</strong></span> <span class='ocrx_word' id='word_1_32' title='bbox 1315 1037 1516 1116; x_wconf 85' lang='lat' dir='ltr'><strong>Petriwar·</strong></span> 
     </span>
    </p>
   </div>
   <div class='ocr_carea' id='block_1_3' title="bbox 405 1153 1515 1386">
    <p class='ocr_par' dir='ltr' id='par_1_3' title="bbox 405 1153 1515 1386">
     <span class='ocr_line' id='line_1_6' title="bbox 405 1153 1515 1258; baseline 0.012 -29"><span class='ocrx_word' id='word_1_33' title='bbox 405 1177 543 1256; x_wconf 75' lang='lat' dir='ltr'><strong>agyam</strong></span> <span class='ocrx_word' id='word_1_34' title='bbox 561 1153 635 1232; x_wconf 89' lang='lat' dir='ltr'><strong>oito</strong></span> <span class='ocrx_word' id='word_1_35' title='bbox 655 1157 1093 1255; x_wconf 87' lang='lat' dir='ltr'><strong>mauoipauitamanibns</strong></span> <span class='ocrx_word' id='word_1_36' title='bbox 1113 1161 1311 1244; x_wconf 76' lang='lat' dir='ltr'><strong>Michaelis</strong></span> <span class='ocrx_word' id='word_1_37' title='bbox 1329 1163 1515 1258; x_wconf 74' lang='lat' dir='ltr'><strong>Ferratus,</strong></span> 
     </span>
     <span class='ocr_line' id='line_1_7' title="bbox 406 1285 1076 1386; baseline 0.015 -27"><span class='ocrx_word' id='word_1_38' title='bbox 406 1291 569 1362; x_wconf 68' lang='lat' dir='ltr'><strong>amanen</strong></span> <span class='ocrx_word' id='word_1_39' title='bbox 587 1306 733 1386; x_wconf 87' lang='lat' dir='ltr'><strong>semper</strong></span> <span class='ocrx_word' id='word_1_40' title='bbox 751 1285 913 1368; x_wconf 83' lang='lat' dir='ltr'><strong>seruitus</strong></span> <span class='ocrx_word' id='word_1_41' title='bbox 931 1295 1014 1366; x_wconf 90' lang='lat' dir='ltr'><strong>erat</strong></span> <span class='ocrx_word' id='word_1_42' title='bbox 1030 1289 1076 1369; x_wconf 90' lang='lat' dir='ltr'><strong>ei.</strong></span> 
     </span>
    </p>
   </div>
   <div class='ocr_carea' id='block_1_4' title="bbox 700 1617 1221 1726">
    <p class='ocr_par' dir='ltr' id='par_1_4' title="bbox 700 1617 1221 1726">
     <span class='ocr_line' id='line_1_8' title="bbox 700 1617 1221 1726; baseline 0.004 -28"><span class='ocrx_word' id='word_1_43' title='bbox 700 1617 1030 1722; x_wconf 75' lang='lat' dir='ltr'><strong>(osorouuun</strong></span> <span class='ocrx_word' id='word_1_44' title='bbox 1058 1621 1221 1726; x_wconf 81' lang='lat' dir='ltr'><strong>xxm).</strong></span> 
     </span>
    </p>
   </div>
   <div class='ocr_carea' id='block_1_5' title="bbox 406 1825 1516 2067">
    <p class='ocr_par' dir='ltr' id='par_1_5' title="bbox 406 1825 1516 2067">
     <span class='ocr_line' id='line_1_9' title="bbox 512 1825 1516 1941; baseline 0.005 -27"><span class='ocrx_word' id='word_1_45' title='bbox 512 1837 650 1916; x_wconf 81' lang='lat' dir='ltr'><strong>Postea</strong></span> <span class='ocrx_word' id='word_1_46' title='bbox 669 1839 717 1915; x_wconf 86' lang='lat' dir='ltr'><strong>ad</strong></span> <span class='ocrx_word' id='word_1_47' title='bbox 735 1839 836 1917; x_wconf 88' lang='lat' dir='ltr'><strong>veris</strong></span> <span class='ocrx_word' id='word_1_48' title='bbox 855 1862 937 1916; x_wconf 89' lang='lat' dir='ltr'><strong>oum</strong></span> <span class='ocrx_word' id='word_1_49' title='bbox 966 1841 1277 1941; x_wconf 86' lang='lat' dir='ltr'><strong>apropinquasset</strong></span> <span class='ocrx_word' id='word_1_50' title='bbox 1303 1825 1351 1918; x_wconf 72' lang='lat' dir='ltr'><strong>a&#39;d</strong></span> <span class='ocrx_word' id='word_1_51' title='bbox 1379 1843 1516 1919; x_wconf 81' lang='lat' dir='ltr'><strong>festum</strong></span> 
     </span>
     <span class='ocr_line' id='line_1_10' title="bbox 406 1957 1516 2067; baseline 0.002 -25"><span class='ocrx_word' id='word_1_52' title='bbox 406 1963 444 2042; x_wconf 86' lang='lat' dir='ltr'><strong>S.</strong></span> <span class='ocrx_word' id='word_1_53' title='bbox 466 1957 624 2062; x_wconf 79' lang='lat' dir='ltr'>Georgii</span> <span class='ocrx_word' id='word_1_54' title='bbox 643 1961 818 2062; x_wconf 71' lang='lat' dir='ltr'><strong>mortiflo,</strong></span> <span class='ocrx_word' id='word_1_55' title='bbox 840 1975 1019 2066; x_wconf 76' lang='lat' dir='ltr'><strong>venerant</strong></span> <span class='ocrx_word' id='word_1_56' title='bbox 1046 1967 1185 2064; x_wconf 78' lang='lat' dir='ltr'><strong>Turni,</strong></span> <span class='ocrx_word' id='word_1_57' title='bbox 1207 1969 1269 2066; x_wconf 89' lang='lat' dir='ltr'><strong>qui</strong></span> <span class='ocrx_word' id='word_1_58' title='bbox 1288 1975 1395 2045; x_wconf 84' lang='lat' dir='ltr'><strong>eraut</strong></span> <span class='ocrx_word' id='word_1_59' title='bbox 1412 1969 1516 2067; x_wconf 89' lang='lat' dir='ltr'><strong>prin-</strong></span> 
     </span>
    </p>
   </div>
   <div class='ocr_carea' id='block_1_6' title="bbox 251 2093 1516 2194">
    <p class='ocr_par' dir='ltr' id='par_1_6' title="bbox 251 2093 1516 2194">
     <span class='ocr_line' id='line_1_11' title="bbox 251 2093 1516 2194; baseline 0.003 -26"><span class='ocrx_word' id='word_1_60' title='bbox 251 2133 255 2148; x_wconf 81' lang='lat'>·</span> <span class='ocrx_word' id='word_1_61' title='bbox 405 2093 547 2190; x_wconf 87' lang='lat' dir='ltr'><strong>aipales</strong></span> <span class='ocrx_word' id='word_1_62' title='bbox 575 2115 656 2170; x_wconf 87' lang='lat' dir='ltr'><strong>oum</strong></span> <span class='ocrx_word' id='word_1_63' title='bbox 686 2100 858 2192; x_wconf 90' lang='lat' dir='ltr'><strong>quattuor</strong></span> <span class='ocrx_word' id='word_1_64' title='bbox 886 2095 1002 2171; x_wconf 81' lang='lat' dir='ltr'><strong>contis</strong></span> <span class='ocrx_word' id='word_1_65' title='bbox 1030 2118 1206 2193; x_wconf 86' lang='lat' dir='ltr'><strong>equorum</strong></span> <span class='ocrx_word' id='word_1_66' title='bbox 1234 2097 1395 2171; x_wconf 83' lang='lat' dir='ltr'><strong>maximo</strong></span> <span class='ocrx_word' id='word_1_67' title='bbox 1422 2118 1516 2194; x_wconf 89' lang='lat' dir='ltr'><strong>opn-</strong></span> 
     </span>
    </p>
   </div>
   <div class='ocr_carea' id='block_1_7' title="bbox 404 2219 1518 2456">
    <p class='ocr_par' dir='ltr' id='par_1_7' title="bbox 404 2219 1518 2456">
     <span class='ocr_line' id='line_1_12' title="bbox 404 2219 1518 2320; baseline 0.004 -27"><span class='ocrx_word' id='word_1_68' title='bbox 404 2219 508 2294; x_wconf 85' lang='lat' dir='ltr'><strong>lento</strong></span> <span class='ocrx_word' id='word_1_69' title='bbox 518 2225 583 2294; x_wconf 89' lang='lat' dir='ltr'><strong>tm.</strong></span> <span class='ocrx_word' id='word_1_70' title='bbox 594 2219 642 2294; x_wconf 86' lang='lat' dir='ltr'><strong>ad</strong></span> <span class='ocrx_word' id='word_1_71' title='bbox 660 2226 797 2296; x_wconf 80' lang='lat' dir='ltr'><strong>sortem</strong></span> <span class='ocrx_word' id='word_1_72' title='bbox 809 2243 877 2320; x_wconf 88' lang='lat' dir='ltr'><strong>pro</strong></span> <span class='ocrx_word' id='word_1_73' title='bbox 887 2221 1037 2319; x_wconf 88' lang='lat' dir='ltr'><strong>spaoio;</strong></span> <span class='ocrx_word' id='word_1_74' title='bbox 1058 2223 1145 2319; x_wconf 88' lang='lat' dir='ltr'><strong>quia</strong></span> <span class='ocrx_word' id='word_1_75' title='bbox 1162 2221 1311 2298; x_wconf 91' lang='lat' dir='ltr'><strong>illorum</strong></span> <span class='ocrx_word' id='word_1_76' title='bbox 1329 2228 1518 2298; x_wconf 81' lang='lat' dir='ltr'><strong>scrutator</strong></span> 
     </span>
     <span class='ocr_line' id='line_1_13' title="bbox 405 2337 1516 2456; baseline 0.005 -36"><span class='ocrx_word' id='word_1_77' title='bbox 405 2347 503 2422; x_wconf 89' lang='lat' dir='ltr'><strong>male</strong></span> <span class='ocrx_word' id='word_1_78' title='bbox 521 2347 835 2444; x_wconf 83' lang='lat' dir='ltr'><strong>pronunciauerat</strong></span> <span class='ocrx_word' id='word_1_79' title='bbox 848 2348 909 2456; x_wconf 28' lang='lat' dir='ltr'><strong>,eis</strong></span> <span class='ocrx_word' id='word_1_80' title='bbox 928 2347 1094 2444; x_wconf 84' lang='lat' dir='ltr'><strong>dicebat,</strong></span> <span class='ocrx_word' id='word_1_81' title='bbox 1116 2349 1213 2446; x_wconf 89' lang='lat' dir='ltr'><strong>quod</strong></span> <span class='ocrx_word' id='word_1_82' title='bbox 1231 2337 1401 2446; x_wconf 85' lang='lat' dir='ltr'><strong>Regnum</strong></span> <span class='ocrx_word' id='word_1_83' title='bbox 1420 2345 1516 2425; x_wconf 86' lang='lat' dir='ltr'><strong>Siri-</strong></span> 
     </span>
    </p>
   </div>
   <div class='ocr_carea' id='block_1_8' title="bbox 281 2473 1518 2572">
    <p class='ocr_par' dir='ltr' id='par_1_8' title="bbox 281 2473 1518 2572">
     <span class='ocr_line' id='line_1_14' title="bbox 281 2473 1518 2572; baseline 0.004 -25"><span class='ocrx_word' id='word_1_84' title='bbox 281 2505 290 2520; x_wconf 64' lang='lat'><em>1</em></span> <span class='ocrx_word' id='word_1_85' title='bbox 405 2473 478 2548; x_wconf 89' lang='lat' dir='ltr'><strong>mie</strong></span> <span class='ocrx_word' id='word_1_86' title='bbox 497 2473 677 2570; x_wconf 79' lang='lat' dir='ltr'><strong>remigius</strong></span> <span class='ocrx_word' id='word_1_87' title='bbox 696 2473 865 2550; x_wconf 83' lang='lat' dir='ltr'><strong>desolata</strong></span> <span class='ocrx_word' id='word_1_88' title='bbox 884 2481 969 2550; x_wconf 89' lang='lat' dir='ltr'><strong>stat.</strong></span> <span class='ocrx_word' id='word_1_89' title='bbox 990 2473 1156 2572; x_wconf 80' lang='lat' dir='ltr'><strong>Cumque</strong></span> <span class='ocrx_word' id='word_1_90' title='bbox 1167 2475 1334 2551; x_wconf 88' lang='lat' dir='ltr'><strong>audisset</strong></span> <span class='ocrx_word' id='word_1_91' title='bbox 1348 2473 1518 2552; x_wconf 87' lang='lat' dir='ltr'><strong>Jaoobus</strong></span> 
     </span>
    </p>
   </div>
   <div class='ocr_carea' id='block_1_9' title="bbox 405 2598 1520 4605">
    <p class='ocr_par' dir='ltr' id='par_1_9' title="bbox 405 2598 1520 3820">
     <span class='ocr_line' id='line_1_15' title="bbox 407 2598 1517 2700; baseline 0.001 -26"><span class='ocrx_word' id='word_1_92' title='bbox 407 2598 525 2696; x_wconf 81' lang='lat' dir='ltr'><strong>Banu,</strong></span> <span class='ocrx_word' id='word_1_93' title='bbox 546 2599 598 2676; x_wconf 82' lang='lat'><strong>22</strong></span> <span class='ocrx_word' id='word_1_94' title='bbox 618 2624 716 2676; x_wconf 91' lang='lat' dir='ltr'><strong>anuo</strong></span> <span class='ocrx_word' id='word_1_95' title='bbox 736 2601 907 2697; x_wconf 79' lang='lat' dir='ltr'><strong>erutheo,</strong></span> <span class='ocrx_word' id='word_1_96' title='bbox 928 2601 1152 2678; x_wconf 84' lang='lat' dir='ltr'><strong>Franoisous</strong></span> <span class='ocrx_word' id='word_1_97' title='bbox 1164 2601 1279 2698; x_wconf 77' lang='lat' dir='ltr'><strong>Bono,</strong></span> <span class='ocrx_word' id='word_1_98' title='bbox 1301 2601 1517 2700; x_wconf 82' lang='lat' dir='ltr'><strong>Stephanus</strong></span> 
     </span>
     <span class='ocr_line' id='line_1_16' title="bbox 406 2705 1518 2824; baseline 0.001 -22"><span class='ocrx_word' id='word_1_99' title='bbox 406 2725 539 2824; x_wconf 84' lang='lat' dir='ltr'><strong>Bardi,</strong></span> <span class='ocrx_word' id='word_1_100' title='bbox 559 2749 655 2804; x_wconf 90' lang='lat' dir='ltr'><strong>vnus</strong></span> <span class='ocrx_word' id='word_1_101' title='bbox 673 2705 884 2805; x_wconf 78' lang='lat' dir='ltr'><strong>&#39;i&#39;raoianus</strong></span> <span class='ocrx_word' id='word_1_102' title='bbox 901 2725 1048 2805; x_wconf 89' lang='lat' dir='ltr'><strong>nomine</strong></span> <span class='ocrx_word' id='word_1_103' title='bbox 1068 2727 1175 2805; x_wconf 90' lang='lat' dir='ltr'><strong>Bosit</strong></span> <span class='ocrx_word' id='word_1_104' title='bbox 1192 2725 1359 2823; x_wconf 82' lang='lat' dir='ltr'><strong>Radioh3</strong></span> <span class='ocrx_word' id='word_1_105' title='bbox 1378 2735 1416 2802; x_wconf 89' lang='lat' dir='ltr'><strong>et</strong></span> <span class='ocrx_word' id='word_1_106' title='bbox 1433 2751 1518 2803; x_wconf 92' lang='lat' dir='ltr'><strong>oum</strong></span> 
     </span>
     <span class='ocr_line' id='line_1_17' title="bbox 405 2853 1518 2954; baseline 0.003 -26"><span class='ocrx_word' id='word_1_107' title='bbox 405 2854 459 2928; x_wconf 90' lang='lat' dir='ltr'><strong>ita</strong></span> <span class='ocrx_word' id='word_1_108' title='bbox 477 2854 596 2930; x_wconf 81' lang='lat' dir='ltr'><strong>aciem</strong></span> <span class='ocrx_word' id='word_1_109' title='bbox 613 2855 718 2931; x_wconf 83' lang='lat' dir='ltr'><strong>illam</strong></span> <span class='ocrx_word' id='word_1_110' title='bbox 736 2863 1018 2954; x_wconf 78' lang='lat' dir='ltr'><strong>percusserant,</strong></span> <span class='ocrx_word' id='word_1_111' title='bbox 1039 2877 1107 2930; x_wconf 88' lang='lat' dir='ltr'><strong>neo</strong></span> <span class='ocrx_word' id='word_1_112' title='bbox 1125 2876 1220 2932; x_wconf 85' lang='lat' dir='ltr'><strong>vnus</strong></span> <span class='ocrx_word' id='word_1_113' title='bbox 1239 2854 1379 2930; x_wconf 86' lang='lat' dir='ltr'><strong>dixisse</strong></span> <span class='ocrx_word' id='word_1_114' title='bbox 1397 2853 1518 2931; x_wconf 85' lang='lat' dir='ltr'><strong>fertur</strong></span> 
     </span>
     <span class='ocr_line' id='line_1_18' title="bbox 405 2967 1517 3082; baseline 0.003 -27"><span class='ocrx_word' id='word_1_115' title='bbox 405 2967 621 3078; x_wconf 79' lang='lat' dir='ltr'><strong>euadisset,</strong></span> <span class='ocrx_word' id='word_1_116' title='bbox 642 2982 707 3060; x_wconf 87' lang='lat' dir='ltr'><strong>sed</strong></span> <span class='ocrx_word' id='word_1_117' title='bbox 727 3005 855 3060; x_wconf 90' lang='lat' dir='ltr'><strong>omnes</strong></span> <span class='ocrx_word' id='word_1_118' title='bbox 873 2982 1064 3082; x_wconf 84' lang='lat' dir='ltr'><strong>depredati</strong></span> <span class='ocrx_word' id='word_1_119' title='bbox 1083 2990 1200 3058; x_wconf 89' lang='lat' dir='ltr'><strong>erant.</strong></span> <span class='ocrx_word' id='word_1_120' title='bbox 1221 2980 1397 3057; x_wconf 67' lang='lat' dir='ltr'><strong>Ahamen</strong></span> <span class='ocrx_word' id='word_1_121' title='bbox 1416 2977 1517 3058; x_wconf 83' lang='lat' dir='ltr'><strong>Che-</strong></span> 
     </span>
     <span class='ocr_line' id='line_1_19' title="bbox 406 3107 1520 3206; baseline 0 -22"><span class='ocrx_word' id='word_1_122' title='bbox 406 3107 553 3185; x_wconf 86' lang='lat' dir='ltr'><strong>rihassa</strong></span> <span class='ocrx_word' id='word_1_123' title='bbox 572 3115 653 3185; x_wconf 84' lang='lat' dir='ltr'><strong>erat</strong></span> <span class='ocrx_word' id='word_1_124' title='bbox 671 3109 837 3186; x_wconf 86' lang='lat' dir='ltr'><strong>existens</strong></span> <span class='ocrx_word' id='word_1_125' title='bbox 855 3109 929 3205; x_wconf 79' lang='lat' dir='ltr'><strong>ibi3</strong></span> <span class='ocrx_word' id='word_1_126' title='bbox 958 3113 1083 3185; x_wconf 89' lang='lat' dir='ltr'><strong>tamen</strong></span> <span class='ocrx_word' id='word_1_127' title='bbox 1106 3107 1168 3185; x_wconf 86' lang='lat' dir='ltr'><strong>isti</strong></span> <span class='ocrx_word' id='word_1_128' title='bbox 1189 3113 1362 3206; x_wconf 88' lang='lat' dir='ltr'><strong>quattuor</strong></span> <span class='ocrx_word' id='word_1_129' title='bbox 1379 3107 1520 3184; x_wconf 88' lang='lat' dir='ltr'><strong>milites</strong></span> 
     </span>
     <span class='ocr_line' id='line_1_20' title="bbox 405 3227 1520 3334; baseline 0.006 -28"><span class='ocrx_word' id='word_1_130' title='bbox 405 3230 589 3310; x_wconf 85' lang='lat' dir='ltr'><strong>habuerat</strong></span> <span class='ocrx_word' id='word_1_131' title='bbox 615 3256 760 3311; x_wconf 89' lang='lat' dir='ltr'><strong>nomen.</strong></span> <span class='ocrx_word' id='word_1_132' title='bbox 774 3227 841 3309; x_wconf 85' lang='lat' dir='ltr'><strong>&#39;Et</strong></span> <span class='ocrx_word' id='word_1_133' title='bbox 859 3235 1057 3310; x_wconf 85' lang='lat' dir='ltr'><strong>maximam</strong></span> <span class='ocrx_word' id='word_1_134' title='bbox 1085 3233 1257 3310; x_wconf 87' lang='lat' dir='ltr'><strong>diuioiam</strong></span> <span class='ocrx_word' id='word_1_135' title='bbox 1276 3241 1432 3311; x_wconf 89' lang='lat' dir='ltr'><strong>euerant</strong></span> <span class='ocrx_word' id='word_1_136' title='bbox 1448 3259 1520 3334; x_wconf 87' lang='lat' dir='ltr'><strong>per</strong></span> 
     </span>
     <span class='ocr_line' id='line_1_21' title="bbox 406 3359 1519 3458; baseline -0.001 -23"><span class='ocrx_word' id='word_1_137' title='bbox 406 3359 651 3437; x_wconf 84' lang='lat' dir='ltr'><strong>affliooionem</strong></span> <span class='ocrx_word' id='word_1_138' title='bbox 676 3359 906 3458; x_wconf 71' lang='lat' dir='ltr'><strong>humarum,</strong></span> <span class='ocrx_word' id='word_1_139' title='bbox 932 3367 970 3437; x_wconf 91' lang='lat' dir='ltr'><strong>et</strong></span> <span class='ocrx_word' id='word_1_140' title='bbox 988 3363 1026 3437; x_wconf 92' lang='lat' dir='ltr'><strong>iu</strong></span> <span class='ocrx_word' id='word_1_141' title='bbox 1045 3361 1105 3438; x_wconf 85' lang='lat' dir='ltr'><strong>die</strong></span> <span class='ocrx_word' id='word_1_142' title='bbox 1123 3360 1336 3458; x_wconf 71' lang='lat' dir='ltr'><strong>rogationis</strong></span> <span class='ocrx_word' id='word_1_143' title='bbox 1354 3359 1519 3436; x_wconf 80' lang='lat' dir='ltr'><strong>secunda</strong></span> 
     </span>
     <span class='ocr_line' id='line_1_22' title="bbox 406 3485 1517 3586; baseline -0.002 -23"><span class='ocrx_word' id='word_1_144' title='bbox 406 3487 501 3564; x_wconf 85' lang='lat' dir='ltr'><strong>feria</strong></span> <span class='ocrx_word' id='word_1_145' title='bbox 518 3495 600 3565; x_wconf 88' lang='lat' dir='ltr'><strong>erat</strong></span> <span class='ocrx_word' id='word_1_146' title='bbox 615 3485 772 3565; x_wconf 88' lang='lat' dir='ltr'><strong>afliooio.</strong></span> <span class='ocrx_word' id='word_1_147' title='bbox 793 3487 961 3586; x_wconf 79' lang='lat' dir='ltr'><strong>Cumque</strong></span> <span class='ocrx_word' id='word_1_148' title='bbox 980 3489 1145 3566; x_wconf 87' lang='lat' dir='ltr'><strong>audisset</strong></span> <span class='ocrx_word' id='word_1_149' title='bbox 1163 3487 1373 3582; x_wconf 87' lang='lat' dir='ltr'><strong>Balibassa,</strong></span> <span class='ocrx_word' id='word_1_150' title='bbox 1394 3488 1433 3562; x_wconf 93' lang='lat' dir='ltr'><strong>in</strong></span> <span class='ocrx_word' id='word_1_151' title='bbox 1451 3485 1517 3562; x_wconf 86' lang='lat' dir='ltr'><strong>do-</strong></span> 
     </span>
     <span class='ocr_line' id='line_1_23' title="bbox 405 3613 1518 3713; baseline -0.002 -23"><span class='ocrx_word' id='word_1_152' title='bbox 405 3615 485 3691; x_wconf 90' lang='lat' dir='ltr'><strong>lore</strong></span> <span class='ocrx_word' id='word_1_153' title='bbox 515 3615 675 3692; x_wconf 82' lang='lat' dir='ltr'><strong>maximo</strong></span> <span class='ocrx_word' id='word_1_154' title='bbox 713 3615 856 3712; x_wconf 80' lang='lat' dir='ltr'><strong>fuerat3</strong></span> <span class='ocrx_word' id='word_1_155' title='bbox 885 3623 924 3692; x_wconf 89' lang='lat' dir='ltr'><strong>et</strong></span> <span class='ocrx_word' id='word_1_156' title='bbox 950 3615 1158 3692; x_wconf 88' lang='lat' dir='ltr'><strong>Turoarum</strong></span> <span class='ocrx_word' id='word_1_157' title='bbox 1186 3613 1340 3693; x_wconf 83' lang='lat' dir='ltr'><strong>Cesaris</strong></span> <span class='ocrx_word' id='word_1_158' title='bbox 1362 3617 1441 3713; x_wconf 87' lang='lat' dir='ltr'><strong>jam</strong></span> <span class='ocrx_word' id='word_1_159' title='bbox 1468 3613 1518 3690; x_wconf 87' lang='lat' dir='ltr'><strong>ad</strong></span> 
     </span>
     <span class='ocr_line' id='line_1_24' title="bbox 405 3741 652 3820; baseline -0.004 -1"><span class='ocrx_word' id='word_1_160' title='bbox 405 3741 538 3819; x_wconf 87' lang='lat' dir='ltr'><strong>soitum</strong></span> <span class='ocrx_word' id='word_1_161' title='bbox 559 3749 652 3820; x_wconf 83' lang='lat' dir='ltr'><strong>erat.</strong></span> 
     </span>
    </p>

    <p class='ocr_par' dir='ltr' id='par_1_10' title="bbox 407 3865 1520 4605">
     <span class='ocr_line' id='line_1_25' title="bbox 512 3865 1520 3970; baseline -0.006 -24"><span class='ocrx_word' id='word_1_162' title='bbox 512 3869 606 3947; x_wconf 86' lang='lat' dir='ltr'><strong>Erat</strong></span> <span class='ocrx_word' id='word_1_163' title='bbox 633 3869 780 3947; x_wconf 88' lang='lat' dir='ltr'><strong>iuterim</strong></span> <span class='ocrx_word' id='word_1_164' title='bbox 807 3869 907 3970; x_wconf 80' lang='lat' dir='ltr'><strong>apud</strong></span> <span class='ocrx_word' id='word_1_165' title='bbox 935 3865 1113 3945; x_wconf 77' lang='lat' dir='ltr'><strong>Cesaram</strong></span> <span class='ocrx_word' id='word_1_166' title='bbox 1147 3867 1289 3943; x_wconf 88' lang='lat' dir='ltr'><strong>Perhat</strong></span> <span class='ocrx_word' id='word_1_167' title='bbox 1315 3867 1450 3960; x_wconf 90' lang='lat' dir='ltr'><strong>hassa,</strong></span> <span class='ocrx_word' id='word_1_168' title='bbox 1481 3873 1520 3941; x_wconf 93' lang='lat' dir='ltr'><strong>et</strong></span> 
     </span>
     <span class='ocr_line' id='line_1_26' title="bbox 407 3993 1517 4098; baseline -0.007 -24"><span class='ocrx_word' id='word_1_169' title='bbox 407 3999 570 4076; x_wconf 89' lang='lat' dir='ltr'><strong>hahebat</strong></span> <span class='ocrx_word' id='word_1_170' title='bbox 596 3998 712 4074; x_wconf 86' lang='lat' dir='ltr'><strong>filiam</strong></span> <span class='ocrx_word' id='word_1_171' title='bbox 738 4019 843 4074; x_wconf 88' lang='lat' dir='ltr'><strong>suam</strong></span> <span class='ocrx_word' id='word_1_172' title='bbox 872 4003 963 4098; x_wconf 89' lang='lat' dir='ltr'><strong>aput</strong></span> <span class='ocrx_word' id='word_1_173' title='bbox 989 4017 1072 4071; x_wconf 87' lang='lat' dir='ltr'><strong>eum</strong></span> <span class='ocrx_word' id='word_1_174' title='bbox 1091 3995 1130 4071; x_wconf 92' lang='lat' dir='ltr'><strong>in</strong></span> <span class='ocrx_word' id='word_1_175' title='bbox 1149 3993 1426 4094; x_wconf 88' lang='lat' dir='ltr'><strong>oopulaoionem</strong></span> <span class='ocrx_word' id='word_1_176' title='bbox 1445 3999 1517 4067; x_wconf 86' lang='lat' dir='ltr'><strong>oto.</strong></span> 
     </span>
     <span class='ocr_line' id='line_1_27' title="bbox 407 4115 1518 4221; baseline -0.011 -16"><span class='ocrx_word' id='word_1_177' title='bbox 407 4127 486 4206; x_wconf 88' lang='lat' dir='ltr'><strong>Iste</strong></span> <span class='ocrx_word' id='word_1_178' title='bbox 522 4122 668 4203; x_wconf 78' lang='lat' dir='ltr'><strong>Turnus</strong></span> <span class='ocrx_word' id='word_1_179' title='bbox 704 4123 815 4201; x_wconf 87' lang='lat' dir='ltr'><strong>valde</strong></span> <span class='ocrx_word' id='word_1_180' title='bbox 847 4123 919 4199; x_wconf 85' lang='lat' dir='ltr'><strong>fuit</strong></span> <span class='ocrx_word' id='word_1_181' title='bbox 946 4127 1189 4221; x_wconf 73' lang='lat' dir='ltr'><strong>conquestus,</strong></span> <span class='ocrx_word' id='word_1_182' title='bbox 1221 4119 1317 4218; x_wconf 86' lang='lat' dir='ltr'><strong>quod</strong></span> <span class='ocrx_word' id='word_1_183' title='bbox 1344 4115 1518 4216; x_wconf 81' lang='lat' dir='ltr'><strong>Huugari</strong></span> 
     </span>
     <span class='ocr_line' id='line_1_28' title="bbox 407 4243 1518 4356; baseline -0.015 -21"><span class='ocrx_word' id='word_1_184' title='bbox 407 4254 687 4356; x_wconf 82' lang='lat' dir='ltr'><strong>prouoluisseut</strong></span> <span class='ocrx_word' id='word_1_185' title='bbox 704 4257 781 4328; x_wconf 87' lang='lat' dir='ltr'><strong>tam</strong></span> <span class='ocrx_word' id='word_1_186' title='bbox 801 4251 947 4350; x_wconf 89' lang='lat' dir='ltr'><strong>oopiam</strong></span> <span class='ocrx_word' id='word_1_187' title='bbox 965 4251 1103 4326; x_wconf 83' lang='lat' dir='ltr'><strong>luotunr</strong></span> <span class='ocrx_word' id='word_1_188' title='bbox 1122 4269 1235 4347; x_wconf 88' lang='lat' dir='ltr'><strong>super</strong></span> <span class='ocrx_word' id='word_1_189' title='bbox 1252 4245 1398 4322; x_wconf 73' lang='lat' dir='ltr'><strong>Turoos</strong></span> <span class='ocrx_word' id='word_1_190' title='bbox 1416 4243 1518 4319; x_wconf 86' lang='lat' dir='ltr'><strong>etde</strong></span> 
     </span>
     <span class='ocr_line' id='line_1_29' title="bbox 409 4371 1519 4478; baseline -0.013 -17"><span class='ocrx_word' id='word_1_191' title='bbox 409 4379 550 4462; x_wconf 83' lang='lat' dir='ltr'><strong>Cesare</strong></span> <span class='ocrx_word' id='word_1_192' title='bbox 587 4382 736 4478; x_wconf 84' lang='lat' dir='ltr'><strong>rogauit</strong></span> <span class='ocrx_word' id='word_1_193' title='bbox 772 4379 969 4478; x_wconf 85' lang='lat' dir='ltr'><strong>quinoenta</strong></span> <span class='ocrx_word' id='word_1_194' title='bbox 1005 4384 1113 4453; x_wconf 90' lang='lat' dir='ltr'><strong>oenta</strong></span> <span class='ocrx_word' id='word_1_195' title='bbox 1139 4377 1346 4453; x_wconf 86' lang='lat' dir='ltr'><strong>Turoarum</strong></span> <span class='ocrx_word' id='word_1_196' title='bbox 1373 4371 1519 4470; x_wconf 89' lang='lat' dir='ltr'><strong>equites</strong></span> 
     </span>
     <span class='ocr_line' id='line_1_30' title="bbox 409 4499 1517 4605; baseline -0.014 -16"><span class='ocrx_word' id='word_1_197' title='bbox 409 4519 580 4589; x_wconf 87' lang='lat' dir='ltr'><strong>strenuos</strong></span> <span class='ocrx_word' id='word_1_198' title='bbox 604 4510 742 4586; x_wconf 90' lang='lat' dir='ltr'><strong>milites</strong></span> <span class='ocrx_word' id='word_1_199' title='bbox 769 4511 806 4582; x_wconf 91' lang='lat' dir='ltr'><strong>et</strong></span> <span class='ocrx_word' id='word_1_200' title='bbox 833 4505 1003 4605; x_wconf 90' lang='lat' dir='ltr'><strong>optimos.</strong></span> <span class='ocrx_word' id='word_1_201' title='bbox 1036 4505 1142 4602; x_wconf 83' lang='lat' dir='ltr'><strong>„Ego</strong></span> <span class='ocrx_word' id='word_1_202' title='bbox 1170 4501 1316 4602; x_wconf 86' lang='lat' dir='ltr'><strong>quidem</strong></span> <span class='ocrx_word' id='word_1_203' title='bbox 1344 4499 1429 4575; x_wconf 87' lang='lat' dir='ltr'><strong>volo</strong></span> <span class='ocrx_word' id='word_1_204' title='bbox 1457 4521 1517 4576; x_wconf 89' lang='lat' dir='ltr'><strong>re·</strong></span> 
     </span>
    </p>
   </div>
   <div class='ocr_carea' id='block_1_10' title="bbox 443 4777 675 4846">
    <p class='ocr_par' dir='ltr' id='par_1_11' title="bbox 443 4777 675 4846">
     <span class='ocr_line' id='line_1_31' title="bbox 443 4777 675 4846; baseline 0 -14"><span class='ocrx_word' id='word_1_205' title='bbox 443 4779 478 4846; x_wconf 74' lang='lat' dir='ltr'><strong>*J</strong></span> <span class='ocrx_word' id='word_1_206' title='bbox 499 4777 576 4834; x_wconf 74' lang='lat' dir='ltr'><strong>Aaou</strong></span> <span class='ocrx_word' id='word_1_207' title='bbox 596 4777 675 4833; x_wconf 75' lang='lat' dir='ltr'><strong>lem.</strong></span> 
     </span>
    </p>
   </div>
   <div class='ocr_carea' id='block_1_11' title="bbox 0 0 1632 5210">
    <p class='ocr_par' dir='ltr' id='par_1_12' title="bbox 0 0 1632 5210">
     <span class='ocr_line' id='line_1_32' title="bbox 0 0 1632 5210; baseline 0 0"><span class='ocrx_word' id='word_1_208' title='bbox 0 0 1632 5210; x_wconf 95' lang='lat' dir='ltr'><strong> </strong></span> 
     </span>
    </p>
   </div>
  </div>
 </body>
</html>
