3226 5220
446 495 527 574 220

447 697 500 773 ibi
519 692 696 771 enodaret
714 715 839 768 coram
858 688 1049 767 Cesaram.
1069 689 1212 765 Postea
1232 686 1278 763 de
1295 683 1567 789 Hymenacre-

448 824 563 899 uitae
582 841 714 896 vernus
733 819 904 914 Regnum
923 817 1119 892 Poloniam
1139 838 1221 891 cnm
1237 815 1317 891 auis
1326 817 1566 913 sequacibus,

449 959 486 1028 et
504 972 587 1026 cum
605 949 752 1044 reliqua
770 947 1009 1022 Polonorum.
1040 941 1091 1019 Et
1119 967 1202 1019 cum
1228 944 1467 1043 pervenisset
1494 947 1568 1021 snb

448 1079 579 1178 alapae
597 1075 777 1151 limitibus
795 1073 834 1148 in
851 1097 926 1148 vna
945 1073 1040 1148 villa
1058 1072 1310 1170 Rutenorum,
1340 1094 1389 1146 ex
1416 1072 1484 1148 illa
1504 1096 1566 1149 re·

447 1207 552 1303 liqna
577 1203 729 1279 Polonii
762 1201 960 1276 voluerunt
986 1207 1116 1298 petere
1143 1197 1361 1277 lunaoionea
1390 1222 1414 1274 a
1440 1198 1568 1296 Regia

448 1330 673 1430 Majestatin.
694 1328 895 1424 Rogabant
913 1333 951 1403 et
969 1349 1058 1404 auae
1077 1327 1277 1403 facultates
1303 1328 1568 1425 proponebant

448 1482 559 1558 quam
578 1463 711 1534 astute.
732 1456 783 1532 Et
801 1455 874 1530 iste
893 1452 977 1530 Rex
995 1454 1165 1531 ioannes
1193 1453 1249 1530 eis
1277 1453 1446 1550 neglexit
1472 1453 1565 1530 dare

448 1587 515 1682 eia,
528 1585 615 1682 quia
633 1607 707 1659 non
725 1582 899 1657 habebat.
919 1580 1000 1680 Ipai
1020 1581 1167 1678 quidem
1185 1580 1255 1658 heo
1273 1580 1488 1657 obiciebant
1506 1582 1562 1656 ei:

452 1713 620 1812 „Tamen
631 1719 713 1788 octo
725 1708 978 1787 oumoahabet
989 1711 1127 1788 Vestra
1146 1709 1563 1808 Majeataaaaroinatoa

447 1840 670 1939 inpossibile
689 1838 788 1936 quod
805 1845 907 1916 esset
924 1839 977 1914 ibi
994 1837 1215 1913 thezaurum
1243 1836 1456 1934 Majeatatis
1485 1836 1563 1913 Ve-

448 1967 561 2044 atre.“
594 1964 788 2042 Intellexit
806 1987 936 2042 eorum
955 1965 1083 2060 libita,
1104 1964 1203 2062 quod
1220 1965 1398 2039 volebant
1415 1961 1469 2038 ibi
1490 1961 1563 2038 Re·

447 2117 531 2190 gem
550 2115 667 2192 cupra
685 2093 889 2191 depredare
908 2115 1037 2169 curros
1056 2114 1144 2169 suos
1163 2115 1218 2168 ew
1238 2091 1440 2190 quadrigae
1460 2111 1561 2166 auae.

314 2295 318 2306 ,
448 2221 570 2315 Quum
590 2222 626 2297 ei
645 2221 787 2318 aliquid
804 2222 1049 2298 reieocionem
1076 2243 1188 2298 cocus
1215 2225 1458 2319 prepararet,
1487 2225 1562 2295 ota·

447 2350 513 2424 tim
532 2371 646 2447 super
665 2370 799 2445 equum
825 2349 958 2425 iterum
986 2347 1192 2426 ascendens
1211 2353 1249 2424 et
1266 2347 1319 2424 ibi
1346 2347 1563 2448 percolebat

447 2475 655 2574 prandium.
675 2474 757 2550 Hoc
777 2498 859 2551 cum
877 2476 1034 2553 vidisset
1051 2475 1144 2552 belli
1162 2475 1292 2550 ductor
1319 2475 1560 2564 Polonorum,

447 2601 546 2700 quod
564 2602 771 2679 comanitae
790 2605 907 2678 vellet
926 2602 1070 2700 aliquid
1097 2603 1188 2678 mali
1214 2602 1339 2678 facere
1367 2607 1405 2678 et
1432 2605 1562 2679 oontm

448 2750 610 2826 congere
629 2729 656 2806 J
658 2728 770 2804 oanni
798 2729 919 2826 Regi,
948 2753 1034 2806 mox
1060 2729 1200 2828 incepit
1226 2751 1292 2807 eoa
1318 2730 1500 2809 baculare
1527 2737 1561 2805 et

449 2856 637 2955 corripere
656 2855 701 2931 de
720 2857 831 2934 malis
850 2858 929 2934 auis
946 2857 1233 2934 intentionibus.

555 2981 606 3057 Et
625 2983 775 3059 sicRex
788 2983 948 3090 pacifice
967 2984 1016 3060 ad
1034 2985 1232 3062 Poloniam
1247 2983 1370 3083 Regni
1381 3007 1559 3085 propera·

448 3113 567 3185 uerat.
588 3105 633 3183 In
652 3108 782 3208 primis
802 3109 850 3184 ad
869 3109 1086 3205 Kaminich,
1107 3109 1153 3186 de
1172 3109 1378 3188 Kaminioh
1397 3110 1446 3187 ad
1465 3111 1559 3188 diem

448 3235 580 3310 sabato
590 3235 913 3334 ramispalmarum
932 3237 971 3312 in
990 3237 1176 3334 Tarnow3
1196 3237 1295 3315 etibi
1315 3237 1557 3316 cubauitocto

448 3362 638 3440 mensibus
656 3363 740 3438 dum
759 3363 973 3441 scribebant
990 3387 1087 3440 anno
1110 3362 1223 3441 1528.

747 3651 1080 3756 (ocerannum
1108 3651 1247 3756 oxu).

500 3868 592 3946 Indo
609 3891 768 3970 nemppe
786 3871 989 3948 destinauit
1006 3871 1218 3950 Emericum
1247 3869 1386 3975 Cybalr
1403 3873 1555 3950 madito·

447 4019 525 4076 rem
535 3997 761 4096 princepem.
783 3996 968 4077 Cumanis
985 3999 1139 4100 paribus
1159 4000 1341 4100 equitauit
1349 3999 1388 4076 in
1398 3997 1555 4078 Varadi·

446 4147 533 4202 num
549 4124 598 4200 ad
607 4126 863 4225 episcopatum
882 4150 1010 4224 onum3
1028 4129 1091 4207 rbi
1111 4129 1301 4227 pollicitus
1311 4133 1393 4205 erat
1407 4125 1446 4203 in
1466 4124 1554 4204 Stri-

446 4253 570 4349 gonie,
589 4253 623 4329 si
641 4252 725 4328 Rex
744 4254 779 4330 ei
798 4253 905 4332 daret
921 4255 1179 4356 presulitatem
1197 4253 1485 4350 Veratianum,
1496 4276 1555 4329 ex·

300 4452 307 4462 .
447 4386 535 4456 tuno
552 4379 591 4454 in
610 4403 718 4458 oaoro
738 4381 866 4458 ordine
885 4382 1110 4460 sacerdotali
1129 4383 1298 4460 intraret.
1328 4377 1451 4458 Absit.
1483 4381 1553 4458 De·

446 4526 545 4580 mum
565 4505 672 4582 diana
691 4505 775 4582 Rex
793 4531 901 4585 sacer
919 4507 1142 4606 Ladielauo‚
1165 4509 1228 4608 qni
1247 4517 1305 4587 est
1323 4507 1464 4604 eficax,
1486 4529 1554 4586 non

446 4631 679 4707 oonocasauit
697 4632 731 4708 ei
751 4633 897 4709 domum
916 4637 1073 4735 pacifice
1091 4637 1255 4737 perfrui;
1284 4635 1352 4714 aad
1379 4636 1479 4712 male
1497 4633 1552 4710 de·

443 4780 540 4834 mum
551 4759 717 4852 guatauit
736 4763 970 4901 ampriosimo
980 4766 1127 4864 poculo,
1140 4763 1184 4839 de
1196 4765 1329 4864 quibua
1340 4763 1388 4840 ad
1395 4763 1552 4841 norrun
