3238 5228
1102 469 1181 550 243

92 688 213 744 mecum
233 671 378 744 teneret
396 674 433 742 et
450 669 668 754 obseruaret
694 667 810 742 verba
836 688 939 766 mea,
967 690 1057 748 vere
1084 668 1179 765 dico,

94 793 173 888 quod
199 793 244 870 de
262 792 401 871 Turois
427 795 526 870 bona
553 816 703 892 possem
729 791 960 897 biborare*),
980 804 1018 872 et
1035 795 1182 874 demum

94 918 248 997 adlidem
267 918 523 998 Christianam
542 919 759 996 deducerem
777 921 878 997 eos.“
911 922 995 1020 Ego
1013 926 1181 1002 astabam

94 1069 211 1142 eoram,
232 1055 269 1124 et
287 1047 532 1125 thauernicus
551 1044 739 1124 Osvaldus
758 1055 795 1122 et
813 1047 993 1126 Nicolaus
1011 1051 1184 1152 Keressy

93 1169 275 1252 Literatns.
296 1173 392 1251 Ilico
413 1175 460 1250 ad
478 1173 576 1250 hano
594 1175 710 1250 verba
728 1173 849 1272 Regie
868 1175 1100 1274 Majestatis,
1121 1179 1183 1254 vbi

93 1299 230 1400 dicebat,
250 1303 349 1402 qnod
367 1303 513 1380 demum
532 1301 678 1378 'furcos
696 1309 847 1399 cogeret
860 1303 909 1378 ad
917 1305 1182 1404 baptissmum3

92 1451 147 1524 ego
165 1430 238 1506 dixi
267 1431 303 1506 ei
324 1459 333 1505 ε
358 1431 485 1528 „Deus
514 1428 719 1506 altissimus
746 1429 920 1507 Vestram
949 1432 1183 1532 Majestatem

92 1563 246 1654 protegat
264 1557 501 1655 etadjuuat.“
524 1556 574 1630 Et
592 1554 684 1630 dixit
702 1553 794 1631 mihi
812 1555 920 1632 Rex:
945 1558 1059 1655 ,Eas
1078 1567 1185 1658 pater

92 1679 231 1782 Georgi,
251 1684 313 1760 dio
330 1683 591 1778 cubiculariis,
611 1689 652 1757 vt
669 1681 871 1780 quadrigas
889 1685 1121 1762 sarcinarent
1138 1687 1186 1762 ad

93 1809 209 1888 viam.“
222 1812 275 1888 Et
283 1835 354 1909 ego
366 1813 499 1888 iterum
518 1810 688 1888 laboraui
707 1811 745 1885 in
765 1811 948 1890 mandatis
963 1811 1091 1910 Regie'
1103 1813 1185 1890 Ma-

88 1939 217 2032 jestatia
235 1947 273 2015 et
290 1939 395 2016 Bona
414 1937 639 2016 Benedictus
657 1961 804 2014 currum
823 1939 1074 2042 hornanit**).
1094 1939 1186 2016 Inde

95 2063 163 2142 Rex
174 2069 252 2165 jam
269 2075 380 2163 rogat
398 2066 600 2164 Dominus,
630 2074 670 2141 vt
693 2074 838 2142 tantum
856 2068 1030 2144 miterent
1056 2090 1189 2145 seruos

93 2213 164 2270 nuos
179 2195 260 2272 sine
280 2194 409 2288 hasta,
441 2194 474 2271 si
494 2195 567 2292 ipsi
587 2194 717 2270 nolunt
736 2195 878 2270 venire.
909 2193 1019 2288 Quod
1038 2195 1185 2272 audien.

94 2317 231 2398 libenter
249 2326 534 2416 concesserunt,
563 2327 603 2395 vt
628 2326 771 2396 tantum
799 2321 871 2418 ipsi
897 2344 971 2397 non
989 2322 1087 2398 irent
1105 2345 1186 2398 enm

96 2445 180 2544 Rege
197 2449 358 2527 Joanne.

181 2574 264 2652 Rex
283 2575 401 2652 creuit
418 2597 459 2652 se
478 2596 562 2649 oum
580 2574 659 2650 suis
677 2573 839 2650 cateruis
866 2573 914 2648 ad
933 2573 1186 2670 Mehmetbek,

97 2704 247 2779 etmulti
273 2701 494 2800 congregati
522 2708 629 2778 erant
665 2723 746 2776 cnm
774 2700 880 2796 Rege
907 2724 1039 2778 versus
1064 2703 1186 2780 locum

98 2835 273 2927 stantum,
294 2831 388 2906 etin
407 2853 561 2906 numero
591 2837 698 2905 erant
716 2829 884 2906 ducentis
902 2829 1007 2927 equis
1027 2829 1186 2907 huuaro·

99 2955 195 3034 nius.
222 2957 351 3035 Iverat
377 2979 459 3034 oum
487 2957 593 3052 Rege
620 2957 767 3033 Joanne
795 2956 965 3033 dominus
983 2957 1186 3056 Pestyeny,

98 3085 257 3162 secundus
286 3084 501 3183 Stephanus
528 3084 744 3177 Verbwehi,
774 3091 812 3158 et
840 3084 980 3160 Paulus
1015 3082 1184 3160 Artandi.

99 3205 242 3310 dumque
271 3211 355 3288 Rex
384 3213 423 3286 in
451 3211 585 3288 itinere
608 3213 686 3308 jam
706 3219 787 3288 erat
810 3210 855 3286 de
874 3211 1012 3306 Mako,
1042 3211 1187 3287 interim

100 3349 230 3437 repente
267 3341 486 3439 inceperunt
522 3339 695 3436 Hungari
727 3343 932 3440 preparare
968 3341 1094 3436 fugam
1124 3338 1186 3414 ad-

99 3486 209 3545 versus
221 3466 466 3546 Varadinnm.
487 3465 564 3542 Iste
575 3465 862 3542 Ounadominna
878 3465 1064 3560 Marazki,
1077 3465 1187 3539 Eme·

100 3592 178 3671 riona
204 3593 362 3702 Cybele,
391 3593 557 3670 Michael
576 3592 723 3688 (lhaki,
754 3594 905 3670 Blasius
923 3591 977 3691 72-Ι
1003 3591 1188 3667 Hartandi

99 3725 126 3791 et
146 3721 196 3798 sic
223 3722 269 3797 de
298 3721 483 3818 singulis3
514 3720 602 3818 quia
629 3721 860 3815 existiman,
891 3719 1033 3815 Regem
1051 3718 1104 3794 ibi
1122 3741 1190 3817 per

99 3841 221 3926 l'uroos
248 3849 329 3926 lore
358 3855 526 3946 captum,
547 3853 585 3923 et
602 3855 735 3946 postea
758 3847 861 3946 ipsos
880 3844 1189 3944 comprehendere

100 3967 127 4044 in
149 3975 265 4052 simul.
308 3973 475 4073 Cumque
511 3973 747 4072 pervenisset
773 3973 857 4049 Rex
885 3973 934 4048 ad
960 3971 1190 4071 propositum

100 4095 221 4198 locum,
241 4101 336 4180 duas
356 4103 569 4203 papiliones
586 4109 695 4178 tensa
713 4108 821 4178 erant
834 4103 943 4198 juxta
960 4099 1107 4197 rippam
1125 4096 1190 4172 flni

100 4221 234 4324 inicia
264 4228 533 4306 Mehmethbek
561 4252 686 4324 suam,
715 4227 798 4304 Rex
827 4227 996 4306 Joannes
1014 4247 1118 4302 snam
1136 4232 1190 4300 te·

101 4353 230 4434 tendere
247 4365 479 4459 preceperat.
502 4357 657 4434 Etinter
675 4356 770 4434 duas
787 4355 998 4455 papiliones
1016 4375 1192 4450 scampna

109 4565 388 4586 ‘’w-n—

132 4657 150 4722 ’)
164 4659 273 4719 lenitus
293 4661 464 4732 ,liberare‘

120 4765 148 4830 ¹⁸)
164 4767 273 4830 »levites
294 4771 466 4842 ,cumvitfl
