3226 5220
705 797 1037 905 (onn1nunun
1063 797 1227 904 unm).

512 1022 564 1098 Et
591 1021 728 1098 Petrus
763 1019 873 1098 Pnini
906 1018 1010 1096 illioo
1042 1020 1204 1096 ouourrit
1239 1017 1447 1114 gaudenter
1476 1019 1534 1093 ad

406 1149 561 1254 Eodem,
581 1171 656 1226 non
675 1152 821 1246 epeotat
839 1146 983 1243 Regem
1001 1166 1119 1244 neque
1136 1145 1259 1223 finem.
1280 1147 1332 1223 Et
1348 1146 1394 1222 de
1412 1143 1534 1221 Bnde

405 1279 531 1356 statim
551 1274 693 1353 euenut
710 1273 762 1352 ad
777 1272 995 1368 Fizirvara,
1024 1279 1063 1348 et
1079 1272 1134 1350 nbi
1152 1295 1328 1352 outonem
1345 1272 1464 1349 stanit
1483 1271 1531 1346 in

408 1405 499 1482 duro
518 1405 614 1480 looo.
644 1399 737 1477 Inde
755 1397 927 1496 Radieh,
950 1419 1047 1478 unue
1065 1400 1176 1478 mileo
1195 1399 1408 1478 'l'raeianu¹
1423 1399 1531 1476 satie

408 1538 584 1632 expertus
603 1530 643 1604 in
660 1527 799 1604 bellioa
825 1534 927 1622 arte,
948 1533 986 1602 et
1003 1526 1098 1604 dixit
1124 1525 1223 1624 Regi
1249 1525 1390 1605 Joanni
1416 1522 1532 1628 li(n)-

407 1679 483 1756 gua
501 1655 719 1732 Traeiena:
743 1649 867 1749 „Quid
889 1651 951 1728 hio
978 1652 1145 1751 epaoinm
1172 1652 1292 1730 habea
1309 1653 1349 1730 in
1366 1651 1529 1729 ciuitate

409 1777 676 1879 Albegalium?
708 1787 833 1856 minen
861 1779 958 1858 dioio
987 1778 1156 1876 Regibus
1192 1779 1529 1878 predeoeeeonbue

407 1917 483 2006 eet,
509 1906 607 2007 qnod
624 1906 743 1984 tnibue
771 1904 904 1984 diebna
922 1913 960 1982 et
978 1906 1098 1984 tribue
1117 1907 1288 1984 noetibne
1306 1907 1416 1984 debet
1433 1929 1527 2005 per-

405 2057 593 2116 seuerare.
620 2033 760 2111 Vestra
787 2031 970 2130 Mujeetoe
992 2035 1072 2130 J'am
1100 2041 1187 2110 eunt
1214 2036 1428 2133 plusquam
1447 2032 1527 2108 duo

407 2161 628 2256 ebdomade,
667 2158 764 2257 quod
791 2159 854 2234 hio
881 2165 1006 2234 manet
1033 2161 1173 2237 Vestra
1199 2161 1393 2258 Majeetee.
1432 2159 1524 2256 Ego

409 2289 517 2366 video
535 2285 737 2387 perniciem
763 2284 884 2362 adhue
902 2277 1142 2380 infuturum,
1173 2286 1260 2384 quia
1288 2284 1527 2363 molestabit

409 2417 549 2496 Vestra
566 2413 770 2512 Majeetae,
798 2410 865 2488 eed
883 2411 930 2488 do
949 2411 1163 2508 eonsilium,
1192 2421 1233 2488 vt
1249 2414 1376 2490 atatim
1394 2435 1526 2490 ourra-

410 2563 492 2618 mue
511 2560 777 2639 superaquam
805 2545 842 2612 et
869 2559 981 2636 super
1007 2546 1145 2616 tornum
1174 2539 1440 2616 Poeonieneem
1460 2561 1526 2614 oo-

409 2690 547 2770 oupare
575 2674 612 2741 et
638 2664 872 2763 Regietatem
902 2663 1162 2742 Bohemorum.
1198 2665 1387 2765 Principia
1413 2665 1528 2742 obsta

410 2793 489 2900 (ne)
507 2817 592 2874 aero
620 2793 803 2871 medicine
829 2794 1062 2892 peroratur.“
1094 2795 1179 2872 Rex
1196 2793 1352 2872 audiens
1371 2801 1409 2871 et
1426 2795 1527 2870 bene

409 2921 627 3014 videbatu13
656 2921 723 2998 eed
749 2920 812 2998 ieti
840 2917 1033 2998 eonsiliori
1061 2921 1147 2998 noni
1174 2921 1375 3000 dibebant:
1400 2919 1525 3019 „Non

411 3047 558 3124 domine
584 3046 689 3142 Rex,
718 3047 785 3124 aed
811 3047 860 3124 ad
886 3048 1069 3143 futurum,
1098 3050 1287 3148 quiajam
1315 3071 1412 3126 nuno
1429 3049 1528 3124 ieme

412 3181 489 3270 eat,
510 3182 549 3250 et
566 3175 606 3250 in
625 3197 751 3252 mense
777 3173 900 3273 Aprili
919 3178 1055 3264 bonum
1082 3177 1154 3256 erit
1172 3199 1322 3256 mouere
1340 3200 1382 3255 ee
1401 3176 1527 3274 Regie

413 3301 642 3420 Mojeetati.“
674 3301 757 3378 Rex
785 3303 958 3381 monitae
977 3305 1025 3382 ad
1053 3305 1215 3410 Rodum,
1245 3307 1354 3404 quasi
1382 3305 1508 3380 etiemi

412 3435 522 3506 natue
540 3427 663 3506 hono.
683 3426 758 3520 Qui
776 3431 997 3528 expuebant,
1019 3430 1374 3529 quiheodioebont:
1399 3429 1526 3526 „Vere

412 3558 507 3633 bene
543 3556 802 3634 nominauerat
838 3579 922 3634 enm
961 3553 1151 3656 Georgius
1188 3557 1336 3636 Sinnius
1365 3559 1528 3636 enatato

412 3689 523 3762 ooido
539 3685 609 3762 sub
628 3681 769 3780 Sarno,
799 3685 946 3783 quaudo
975 3709 1059 3764 oum
1085 3707 1153 3764 eno
1171 3685 1288 3762 fratre
1306 3685 1527 3783 eoquodobot

413 3832 546 3888 verene
574 3809 894 3892 Nandor-Albam.
924 3814 1033 3892 Nono
1060 3821 1118 3891 eet
1143 3819 1282 3890 dotata
1305 3816 1413 3888 tirot.
1442 3807 1528 3884 Non

414 3936 738 4033 existimabamus,
767 3939 866 4036 quod
891 3947 993 4018 eeeet
1019 3941 1139 4017 bonus
1165 3943 1295 4038 pastor
1313 3935 1455 4036 eampi,
1484 3941 1528 4006 vt

415 4063 629 4140 defenderet
655 4067 812 4162 egneloe
831 4091 855 4142 a
872 4067 1034 4166 lupibne.
1065 4065 1142 4144 Sub
1172 4063 1260 4142 moli
1279 4061 1423 4160 pastori
1441 4061 1526 4159 lup·

415 4209 486 4288 pue
503 4188 630 4266 leuem
649 4189 805 4266 kakat.“

522 4316 572 4391 Et
589 4316 760 4393 venimus
778 4317 826 4393 ad
845 4319 999 4396 Budam.
1030 4319 1185 4397 Interim
1201 4322 1307 4399 ibant
1325 4321 1471 4398 nobiles
1489 4327 1529 4396 et

415 4441 600 4538 ignobiles
618 4443 777 4542 quilibet
794 4444 842 4520 ad
858 4447 1336 4545 propriumpoeeeaeiouem
1355 4469 1460 4525 enam
1479 4447 1528 4522 ad

416 4567 654 4666 Baohnnegie.
683 4567 758 4646 Sed
775 4567 802 4647 J
805 4591 877 4646 oan
895 4568 998 4648 Obau·
1015 4595 1090 4648 non
1117 4574 1339 4671 permitebat
1365 4598 1431 4652 eoa
1459 4573 1525 4650 ha·

416 4693 535 4771 bitere
561 4703 713 4794 propter
740 4696 889 4792 vietum,
910 4693 1001 4798 Ἤν·
1022 4703 1064 4772 vt
1082 4721 1128 4774 ne
1153 4700 1339 4778 oarietiatn
1358 4701 1526 4778 facerent
