3226 5220
1114 494 1192 574 219

84 696 127 770 in
151 718 249 772 curro
268 697 388 774 oiriak
407 697 531 796 posita
557 704 657 792 erat,
688 703 725 772 et
752 719 833 772 oum
852 695 957 794 Rege
976 695 1088 771 ducta
1113 699 1194 770 erat

88 823 143 898 ad
163 825 347 900 Poloniam
364 826 405 900 in
423 825 573 923 opidulo
593 824 761 901 Tharne.

189 951 270 1047 Ego
289 950 438 1049 quidem
456 951 496 1026 in
514 951 650 1048 gelidis
668 951 897 1051 temporibus
925 951 1125 1028 maximam
1144 952 1194 1030 ri·

84 1103 210 1176 goram
237 1103 440 1180 perpessus
467 1081 633 1173 sueram,
653 1085 690 1156 et
709 1081 875 1178 equitaui
894 1080 943 1158 ad
960 1079 1091 1157 Lelem
1109 1104 1194 1178 pre-

84 1207 252 1305 positum.
283 1205 335 1281 Et
358 1207 440 1305 ipse
467 1205 621 1284 dederat
647 1229 760 1285 unam
784 1207 975 1284 camisiam
1003 1229 1128 1306 suam,
1158 1213 1196 1285 et

89 1355 197 1408 vnum
215 1334 387 1430 calcium,
407 1341 445 1408 et
462 1355 576 1408 vnum
587 1333 768 1411 florenum
787 1333 835 1408 ad
852 1357 1050 1432 expensas.
1067 1333 1120 1408 Et
1138 1333 1194 1410 in·

84 1483 193 1557 super
210 1462 310 1537 vltra
329 1460 457 1536 finium
476 1460 807 1538 Latorohaversus
823 1459 1195 1560 Oapossupervnum

88 1608 217 1683 equum
235 1611 294 1664 me
313 1609 530 1664 ascenssnm
549 1589 748 1686 explorare
767 1587 856 1662 feeit
875 1610 1040 1664 oumvno
1055 1589 1194 1686 jobano

83 1736 162 1789 suo.
182 1715 331 1790 Exbrno
348 1714 401 1790 ibi
419 1715 546 1812 reperi
573 1713 758 1812 parokum
786 1714 946 1790 Paulum
974 1715 1089 1812 Nagh
1109 1737 1195 1790 con-

85 1839 169 1914 dam
186 1841 422 1939 capellanum
441 1839 609 1918 sodalem
619 1862 740 1916 meum
755 1839 938 1917 Lodouici
957 1839 1087 1937 Regis.
1107 1840 1196 1940 Ipse

84 1968 201 2043 bonus
219 1968 277 2042 vir
295 1967 395 2044 dedit
414 1967 660 2064 caliditatem,
681 1967 783 2046 dedit
801 1969 993 2045 comedere
1012 1975 1050 2044 et
1067 1968 1197 2045 bibere

82 2093 258 2170 adunam
277 2094 531 2172 ebdomadam.

383 2382 717 2491 (oxrrunnun
745 2385 904 2490 uxrv).

190 2601 282 2678 Inde
300 2602 527 2682 Valentinus
556 2603 702 2682 'Porcus
722 2611 760 2680 et
778 2603 942 2682 Ooooian
960 2627 1043 2682 cum
1062 2627 1198 2700 magno

83 2729 270 2828 triumpho
299 2731 561 2827 equitauerunt
579 2730 626 2806 ad
654 2731 905 2826 Kassouiam‚
927 2728 1017 2831 (Ἀγν-
1043 2738 1081 2806 et
1099 2753 1198 2807 oum·

83 2879 159 2955 qne
178 2855 447 2932 Oassouienses
476 2856 687 2952 audissent,
718 2858 816 2954 quod
845 2865 945 2936 esset
962 2857 1135 2934 delussus
1155 2881 1200 2933 ac

83 3005 286 3084 percussus
315 2981 399 3058 Rex
435 2981 606 3060 Joannes
642 2984 812 3081 proxime
840 2985 879 3060 in
907 2983 1058 3084 opidulo
1087 2982 1201 3060 Scina

68 3110 269 3188 *Joaunem
298 3107 504 3186 Coeianum
532 3133 615 3186 eum
644 3111 713 3188 sub
741 3112 952 3190 velamento
972 3117 1009 3186 et
1027 3111 1198 3190 Valenti·

83 3258 173 3312 num
202 3235 358 3312 Therek
386 3234 569 3312 duxerunt
597 3259 662 3313 eos
692 3260 775 3312 cum
803 3236 953 3337 hymnis
981 3244 1018 3314 et
1045 3239 1201 3314 sandeia

84 3362 329 3464 spiritalibus.
360 3363 411 3438 Et
435 3361 582 3440 domum
601 3364 640 3439 in
658 3363 869 3462 hospicium
895 3365 1083 3460 magnifici
1103 3365 1210 3444 Tur-¹

1 3479 2 3510 ³
84 3489 192 3566 zonis
211 3489 473 3566 dedicauerant
492 3489 526 3562 ei
547 3495 583 3564 et
602 3489 807 3566 Valentino
836 3489 1013 3586 Therelr3
1040 3498 1078 3568 et
1096 3492 1200 3588 inge·

1 3635 2 3662 l
86 3617 150 3691 uia
175 3615 294 3712 Regia
327 3613 541 3714 Majestatis
570 3615 617 3691 ad
652 3616 871 3694 Kassouian
904 3617 1200 3698 introduxerunt.

88 3741 135 3816 Et
153 3749 232 3818 erat
248 3764 324 3817 una
340 3742 548 3819 bombarda
566 3744 828 3842 appellabatur
848 3741 955 3822 Tbar
974 3743 1144 3845 Margyt,
1164 3753 1202 3820 et

1 3889 2 3916 ¹
90 3893 160 3946 non
178 3869 288 3945 valde
306 3891 453 3966 grossa
474 3869 541 3946 sed
558 3870 746 3954 medioora
765 3876 857 3945 erat.
878 3870 1017 3950 Postea
1033 3893 1115 3946 oum
1133 3871 1202 3948 illa

89 3997 234 4093 ingenia
260 3997 481 4095 inceperunt
508 3998 675 4094 sagitare
702 3997 870 4093 signum,
898 3997 936 4072 id
962 4003 1020 4076 est
1046 4003 1137 4093 cett3
1165 4005 1203 4072 et

89 4146 195 4202 unam
213 4123 407 4201 ebdomam
425 4125 465 4200 in
484 4125 636 4200 ciuitate
655 4127 923 4207 acubaucrunt.

189 4251 282 4328 Inde
309 4251 394 4328 Rex
423 4251 449 4328 J
451 4275 592 4330 oannes
619 4253 720 4336 misit
744 4273 897 4330 sernum
922 4275 1030 4332 sunm
1054 4253 1202 4329 nomine

89 4379 326 4457 Franciseum
345 4377 532 4478 Oapolnaj
562 4379 608 4456 de
637 4378 812 4460 Homona
840 4380 888 4455 ad
918 4378 1132 4474 Trinehen,
1162 4385 1204 4454 vt

87 4507 133 4582 rbi
152 4505 374 4604 expedirent
393 4529 518 4583 arcem
536 4505 744 4605 predictam
763 4531 787 4581 a
807 4505 1008 4586 Germanis
1028 4512 1199 4584 cumtota

87 4632 321 4732 possessione
340 4656 421 4710 sua.
443 4633 494 4708 Et
511 4656 607 4710 unus
625 4641 760 4732 postea
781 4633 927 4710 Turous
953 4641 1053 4729 erat,
1082 4635 1200 4712 Joan·

1 4801 2 4854 u
87 4784 147 4838 nes
165 4760 409 4855 nomabatur3
430 4760 548 4835 eciam
567 4761 673 4835 illum
699 4760 864 4836 misisset
883 4757 931 4834 ad
950 4760 1146 4858 Turciam,
1167 4771 1204 4837 et
