3260 5226
405 497 488 581 864

403 665 706 795 qniaintoxiant
741 691 879 769 multos
906 712 989 768 oum
1017 711 1162 767 veneno
1191 691 1255 768 uel
1281 710 1366 766 oum
1393 687 1536 784 aliqua

403 827 552 918 maslot,
572 820 727 919 aliquod
745 819 960 918 oomprobat
976 840 1090 918 super
1105 823 1143 894 te
1153 815 1202 894 ad
1219 815 1367 895 modum
1384 813 1536 909 vetule,

405 955 443 1027 et
462 947 677 1025 admodum
695 941 825 1022 fimant
842 945 939 1024 siout
956 943 1131 1022 mulieres
1149 943 1198 1020 ad
1214 951 1352 1021 terram
1373 940 1536 1036 sedem,

405 1083 444 1152 et
461 1081 548 1153 sunt
564 1075 671 1150 mille
690 1071 878 1169 antistium,
898 1095 974 1149 non
984 1093 1074 1168 ongo
1090 1069 1144 1148 eis
1163 1070 1339 1147 debemus
1357 1066 1534 1146 eredere.

520 1195 630 1302 ΜΡ·
651 1199 701 1274 Et
718 1199 836 1276 irater
855 1196 1045 1294 Georgius
1063 1195 1322 1274 thesaurarius
1331 1195 1438 1270 venit
1458 1195 1535 1270 ite·

404 1349 486 1404 rum
504 1325 553 1402 ad
571 1325 714 1402 Budam
735 1325 780 1401 de
808 1323 929 1402 Cesar
952 1324 1106 1419 Turko,
1136 1324 1191 1399 ita
1210 1323 1407 1400 admodum
1425 1321 1533 1399 refe·

404 1459 557 1532 ranerat
573 1451 800 1529 relacionem
828 1451 966 1526 tautam
994 1449 1202 1526 Turdorum
1230 1447 1404 1536 Cosanis,
1433 1471 1533 1546 qno

405 1579 512 1655 modo
539 1577 820 1678 responsionem
848 1577 921 1652 sibi
950 1577 1154 1654 obtullerat
1180 1577 1219 1652 in
1237 1573 1371 1672 vigilia
1387 1575 1531 1671 vigilie

406 1701 535 1781 Sancti
562 1701 763 1779 Laurenoii
791 1703 955 1780 martiris
983 1727 1007 1778 a
1035 1701 1187 1779 Oesare.
1226 1703 1334 1780 Vnus
1370 1701 1532 1778 Turnus

405 1829 510 1906 venit
536 1851 618 1904 oum
645 1827 764 1906 tribus
792 1827 998 1926 dumibus,
1028 1835 1066 1905 et
1092 1829 1132 1906 in
1159 1853 1234 1906 vna
1251 1829 1417 1926 ligatura
1436 1853 1531 1927 por·

341 1939 347 1960 “
405 1963 538 2032 taneta
562 1955 756 2055 preciosas
782 1962 908 2032 vestes
936 1975 1048 2053 super
1074 1954 1115 2031 in
1132 1977 1283 2032 numero
1301 1953 1442 2029 deoem.
1477 1953 1533 2030 Et

406 2079 554 2157 Turnus
573 2087 655 2156 erat
673 2081 840 2156 centurio
860 2078 1015 2158 Oesanis
1033 2079 1218 2158 dicebant.
1238 2081 1288 2156 Et
1306 2103 1389 2156 oum
1409 2079 1530 2156 hilari

407 2207 680 2303 altmannum
707 2206 841 2283 fauore
868 2209 985 2282 uerba
1012 2227 1081 2282 sua
1108 2229 1236 2284 omnes
1263 2205 1436 2283 dominos
1464 2229 1530 2282 re-

407 2334 618 2410 munerauit
636 2355 717 2408 oum
736 2355 830 2409 vona
848 2331 1057 2410 Turoarnm
1077 2331 1241 2411 Cosanis.
1263 2333 1388 2412 Vnum
1408 2355 1528 2408 vnum

402 2459 623 2557 singillatim
642 2457 850 2555 distribuit3
870 2465 908 2534 et
924 2457 1058 2534 iterum
1076 2465 1186 2535 extus
1202 2457 1273 2534 init
1294 2457 1464 2554 Tarous3
1485 2459 1526 2534 in

406 2586 548 2662 Sabato
567 2583 628 2660 die
647 2589 740 2661 orat.

724 2801 1057 2972 (onpnnnuun
1086 2869 1223 2974 ow.)-
1311 2845 1314 2854 “

511 3087 562 3164 Et
588 3109 697 3163 mane
725 3087 829 3164 venit
855 3087 973 3163 eniam
992 3085 1139 3164 Turnus
1161 3089 1241 3186 jam
1261 3087 1302 3164 in
1322 3087 1524 3166 Dominioo

406 3214 485 3310 die,
515 3221 554 3291 et
578 3215 633 3291 ait
660 3213 820 3291 dominis
849 3241 858 3288 ε
892 3213 1003 3312 „Jam
1038 3214 1158 3293 Cesar
1185 3217 1252 3294 wlt
1278 3217 1447 3315 equitare
1475 3215 1524 3291 ad

406 3342 636 3420 mansionem
654 3327 1008 3438 suaninr'egionem
1028 3341 1272 3420 Turoarum.“
1295 3341 1406 3419 Dixit
1424 3341 1523 3420 'Pur-

407 3491 473 3546 ous
491 3490 693 3568 preoussor
712 3467 886 3546 Cesarist
902 3465 1067 3567 „Omnes
1085 3469 1245 3547 veniatis
1263 3444 1311 3546 ad
1330 3468 1523 3564 Cesaram,

407 3603 589 3694 quotquot
607 3597 698 3674 estis
717 3603 842 3695 preter
860 3595 1064 3692 Reginam
1093 3603 1131 3674 et
1148 3595 1328 3673 infantem
1345 3603 1522 3696 portaue-

405 3723 491 3800 ritu's
518 3725 686 3800 sobolem
714 3723 1023 3820 sagittamus,
1051 3725 1140 3822 quia
1167 3723 1278 3801 bodie
1306 3747 1525 3804 recessurus

407 3849 478 3927 erit
495 3847 617 3928 Oesar
635 3850 684 3926 ad
701 3851 863 3950 patriam
890 3851 1034 3927 suam.“
1066 3851 1118 3926 Et
1136 3851 1284 3928 Turons
1311 3851 1423 3928 valde
1442 3875 1521 3928 am-

407 3976 630 4078 plexebatur
657 3975 847 4053 dominum
865 3977 1110 4055 Valentinum
1128 3975 1305 4072 Thersit,
1325 3984 1364 4053 et
1381 4000 1450 4078 per
1467 3977 1522 4054 in·

405 4107 607 4202 terpretem
630 4103 747 4178 multa
773 4123 902 4179 swano
930 4103 1047 4178 verba
1066 4101 1101 4178 ei
1119 4103 1360 4202 propinabat,
1381 4111 1420 4179 et
1437 4103 1522 4180 dein

406 4231 442 4308 ei
470 4230 590 4306 eoiam
626 4237 769 4308 vestem
805 4253 1031 4332 purpuream
1059 4230 1318 4328 deaureatam,
1348 4237 1386 4307 et
1411 4254 1521 4308 unam

407 4357 587 4436 ebusum
605 4358 716 4434 valde
733 4360 870 4436 bonam
889 4357 1144 4436 exbornatam.

512 4481 635 4577 Quum
653 4485 904 4564 intellexisset
921 4485 1151 4564 Valentinus
1169 4485 1319 4579 Tarsis,
1341 4485 1441 4584 quod
1457 4485 1522 4560 ult

406 4609 526 4689 cesar
544 4611 590 4688 de
609 4611 716 4688 Euda
734 4619 842 4690 extra
860 4613 936 4709 iro,
966 4619 1048 4690 erat
1065 4613 1178 4690 valde
1203 4619 1352 4710 oautus3
1373 4617 1412 4690 et
1429 4610 1522 4688 dixit

408 4736 565 4813 dominis
585 4765 593 4811 ε
619 4737 799 4834 „Audite,
830 4739 967 4815 domini
987 4741 1080 4836 mei,
1111 4763 1183 4816 non
1201 4739 1376 4815 debemus
1395 4759 1517 4816 omnes
