3248 5210
1150 467 1221 544 101

105 665 174 768 (et)
192 667 245 744 its
262 669 379 743 fertur
398 666 535 742 dixisse
556 693 565 738 :
591 665 648 762 ,0
667 689 737 741 vcs
756 667 995 763 nequissimi,
1025 666 1112 742 dum
1131 691 1224 768 puer

106 818 228 888 erem,
248 815 396 890 semper
415 791 630 868 suadebatis
656 790 746 868 mihi
765 799 915 888 gentem
934 793 1025 868 mihi
1044 817 1119 869 non
1138 817 1223 872 esse

106 943 258 998 necesse
277 925 409 997 contra
427 917 585 994 Turcas.
612 918 739 994 Vnum
760 919 913 994 militem
932 918 1118 996 habebam
1138 917 1221 998 Ste-

106 1049 268 1148 phanum
287 1046 414 1140 Bardi,
434 1046 498 1142 qui
517 1045 608 1121 mihi
628 1045 1056 1144 sepissimepresentarc
1075 1049 1223 1125 solebat

106 1175 275 1274 captiuos
303 1173 451 1250 'Furcas
470 1172 517 1248 ad
537 1172 680 1248 Budam
700 1173 799 1248 omni
818 1173 1005 1272 triumpho
1029 1197 1164 1271 magno
1186 1184 1223 1251 et

106 1309 183 1379 tcta
200 1324 298 1377 anno
317 1299 507 1377 seruiebat
525 1298 633 1392 mihi,
654 1306 691 1374 et
709 1299 847 1375 virtute
866 1299 1005 1374 milicie
1023 1323 1092 1376 sua
1110 1302 1219 1376 time·

106 1433 195 1505 bant
220 1451 315 1526 gens
344 1427 541 1524 Agerena;
572 1433 609 1500 et
635 1427 740 1502 illum
760 1449 828 1526 per
848 1428 1029 1503 astuciam
1048 1451 1221 1524 magnam

107 1556 354 1634 exterminare
382 1554 526 1630 fecistis
563 1576 645 1629 cum
683 1554 759 1628 alio
787 1555 855 1629 tali
883 1555 1030 1630 latrone
1058 1555 1154 1632 sicut
1182 1564 1220 1630 et

4 1687 6 1770 l
110 1685 211 1762 vcs.“
227 1682 311 1759 Huc
322 1688 381 1758 est
391 1681 534 1758 Paulus
550 1679 731 1757 Thomori
751 1683 1022 1758 exterminabat
1031 1703 1116 1758 eum
1133 1708 1219 1782 pre-

109 1813 245 1888 dictum
265 1809 496 1909 Stephanum
507 1808 696 1884 Bardiam.
713 1809 764 1882 Et
783 1809 838 1884 sic
856 1809 1025 1907 prelatos
1041 1812 1223 1908 arguebat

108 1943 144 2016 in
177 1939 347 2034 Quinque
376 1937 599 2013 Ecclesien..
633 1937 708 2033 ,Et
734 1937 887 2035 insuper
915 1961 973 2012 me
1001 1939 1040 2013 in
1066 1938 1222 2015 delirum

111 2069 286 2144 feceretis
314 2075 482 2164 tempore
508 2066 754 2164 carnisprium
774 2067 874 2141 omni
893 2090 1007 2162 anno,
1028 2073 1067 2142 et
1084 2068 1223 2166 lucipe-

109 2217 190 2270 mm
209 2193 418 2292 deputastis
435 2215 583 2290 semper
601 2193 639 2266 in
659 2193 793 2291 capite,
812 2189 880 2294 (et)
899 2193 1224 2270 feceratiscoruua

107 2319 255 2412 bonine,
275 2319 313 2392 in
331 2317 489 2415 pedibus
506 2319 682 2394 bouinem
701 2319 844 2417 pedem,
866 2325 902 2394 et
920 2342 1052 2396 nasum
1072 2342 1221 2418 semper

109 2447 290 2522 habebam
319 2444 542 2521 admodum
578 2445 748 2538 cikcnia,
788 2452 825 2521 et
852 2445 1008 2520 caudam
1037 2445 1220 2524 habebam

109 2573 371 2672 serpentinam,
392 2592 463 2667 que
481 2571 552 2645 luit
571 2579 702 2647 contra
721 2571 862 2666 Deum,
889 2579 927 2646 et
945 2578 1074 2648 centra
1093 2591 1221 2650 omnes

3 2731 4 2736 ¹
110 2707 269 2778 muetos.
290 2699 342 2774 Et
359 2705 399 2772 tu
419 2697 588 2775 loannes
607 2698 831 2773 Bornemiza
850 2725 917 2774 cen
937 2705 1057 2796 aptes,
1077 2721 1137 2773 me
1156 2699 1218 2775 de-

110 2827 257 2904 dissetis
275 2827 338 2900 vel
354 2825 577 2923 portassetis
596 2823 644 2899 ad
663 2823 1220 2901 ThemeswarveladNandor·

3 2983 5 3018 l
113 2955 245 3029 Albam
270 2953 309 3028 in
339 2949 562 3048 confinibus,
592 2958 629 3024 et
656 2950 834 3027 vidissem
862 2974 907 3026 ac
933 2973 1222 3028 resumssessem

115 3079 329 3154 miliuturem
357 3083 478 3174 gesta.
507 3077 608 3152 Ecce
637 3077 819 3176 quomodo
846 3078 1023 3177 perdistis
1050 3079 1221 3174 Regnum

116 3204 321 3302 Hungarie,
342 3227 414 3302 que
433 3225 530 3280 nunc
548 3203 658 3280 audio
676 3211 843 3302 tempore
862 3205 981 3302 patris
1000 3206 1072 3280 mei
1091 3205 1222 3282 militis

118 3334 184 3408 suh
200 3355 335 3410 corone
352 3353 436 3407 mea
455 3331 600 3430 capitis,
627 3331 769 3407 stilles
788 3331 1045 3428 expugnastis.
1066 3330 1108 3407 si
1125 3332 1222 3409 inter

122 3481 182 3535 ros
196 3461 327 3536 luisset
351 3481 467 3552 vnus,
498 3460 561 3556 qui
580 3457 776 3534 consilium
804 3459 941 3534 bonum
968 3457 1152 3549 dedisset,
1181 3465 1223 3532 vt

122 3583 163 3660 de
186 3585 314 3684 Regno
344 3586 541 3682 Hungurie
566 3607 693 3661 curam
719 3585 878 3681 egisset,
918 3607 988 3680 ego
1016 3584 1221 3661 invenisset

123 3711 221 3786 ulem
237 3713 378 3805 virumn
404 3710 572 3788 habenas
590 3711 883 3806 gubernaculum
912 3709 1107 3806 Hungarie
1134 3732 1219 3806 ges-

3 3907 4 3910 ,
124 3837 230 3914 sisset.
268 3839 319 3914 Et
345 3861 417 3934 ego
445 3839 548 3914 solus
585 3837 766 3932 clamaui,
795 3845 836 3911 vt
861 3839 1087 3932 guberuator
1124 3837 1220 3912 foret

3 4009 4 4018 κ
125 3961 275 4042 loannes
302 3965 485 4059 vainodu,
505 3971 542 4039 et
560 3963 734 4040 noluistis
760 3987 829 4040 vos
855 3963 1046 4062 pessimi.“
1078 3962 1141 4038 Sic
1159 3987 1218 4038 ar·

3 4073 4 4080 Ν
125 4093 256 4188 gnebst,
276 4093 365 4192 quia
373 4115 516 4191 pauper
530 4095 610 4190 jem
621 4089 669 4166 ad
679 4090 945 4166 humanitatem
963 4091 1216 4189 perueniebat,

3 4219 4 4250 ³
126 4217 339 4296 ethanncs
370 4218 533 4294 vaiuode
569 4217 608 4291 in
623 4277 627 4288 ,
645 4215 918 4293 zerem-Vilak
953 4223 1040 4317 post
1075 4215 1218 4291 duobus

3 4431 4 4450 ἶ
125 4347 296 4423 mensibus
333 4345 515 4445 equitauit
550 4365 682 4420 versus
719 4341 1045 4437 Transiluaniam;
1079 4347 1117 4416 et
1143 4341 1218 4418 dux

3 4463 4 4550 ζ
124 4467 336 4550 laurencius
355 4474 657 4550 remuneraueret
675 4490 757 4544 cum
775 4467 936 4544 sedecim
955 4491 1050 4544 vasa
1067 4467 1156 4558 vini,
1179 4475 1218 4542 et

3 4577 4 4630 ³
124 4601 266 4696 regebat
281 4605 426 4677 tantum
443 4597 614 4697 inprimis
631 4618 756 4673 arcem
775 4593 1102 4672 zerem-Vilakde
1120 4594 1216 4693 ipso.

123 4723 166 4802 Et
188 4727 303 4804 noluit
330 4725 366 4802 ei
394 4725 631 4826 persoluere,
661 4728 807 4799 etcum
836 4744 881 4798 eo
910 4726 992 4800 erat
1018 4743 1216 4818 germanus
