3238 5228
389 809 723 914 (alerannum
751 813 928 918 cxxv).

204 1026 326 1120 Quum
344 1030 495 1106 volebat
507 1031 588 1128 jam
606 1029 691 1106 Rex
700 1030 739 1106 in
749 1031 847 1108 laoie
862 1054 946 1108 esse
956 1053 1040 1112 cum
1059 1030 1212 1130 Cosam,

22 1159 23 1162 '
109 1162 141 1229 et
156 1157 312 1232 tentoria
331 1153 487 1233 Cesaris
510 1181 586 1232 vna
604 1157 709 1233 milia
727 1158 940 1257 pertinebat
958 1158 1005 1235 ad
1024 1159 1213 1258 opidulum

22 1279 23 1352 ἱ
111 1281 280 1392 monach,
310 1282 356 1358 de
383 1308 456 1359 vno
474 1307 584 1361 curro
612 1283 857 1362 descenderat
883 1309 978 1362 vnus
996 1286 1214 1367 adolescens

109 1409 208 1487 nimis
224 1409 380 1488 decorus
399 1411 437 1486 in
455 1410 553 1488 facie
571 1412 681 1509 quasi
701 1411 911 1491 sedecimas
926 1434 1046 1491 annus
1064 1414 1213 1510 fuisset;

111 1545 143 1612 et
157 1537 194 1614 in
209 1538 306 1614 facie
324 1539 479 1638 pulcer,
509 1539 606 1617 siem
621 1538 788 1644 Absolon
798 1597 808 1636 ,
837 1547 875 1616 et
902 1547 983 1618 erat
1005 1541 1157 1620 indutus
1175 1543 1214 1618 in

111 1663 218 1742 serico
235 1672 341 1743 veste
361 1665 501 1743 diuersi
511 1667 660 1763 eoloris,
681 1673 720 1742 et
737 1667 872 1766 capitis
890 1667 1031 1767 pileum
1041 1669 1087 1745 de
1100 1692 1213 1778 pnrg-

110 1815 213 1892 pnreo
229 1793 363 1891 rubeo,
384 1801 422 1870 et
439 1817 562 1871 noum
580 1801 773 1872 coturnum
786 1787 829 1870 in
846 1794 1015 1896 pedibus.
1034 1795 1085 1873 Et
1102 1820 1214 1875 vnum

22 1997 23 2006 p
112 1927 233 2017 [ottpol
257 1920 306 1998 ad
334 1928 446 2020 caput
480 1929 686 2020 posuerunt
712 1930 863 1998 tonnam
890 1924 1082 2022 velamen,
1112 1928 1215 2003 etin

112 2047 268 2125 manibus
293 2070 407 2124 vnum
434 2071 565 2125 aurum
592 2049 757 2146 discum,
786 2057 824 2125 et
850 2049 887 2126 in
914 2051 1016 2129 disco
1040 2075 1158 2153 prope
1176 2057 1215 2130 in

22 2249 23 2252 a
113 2195 230 2252 nanus
248 2175 478 2252 adolescenti
495 2197 608 2252 vnum
626 2187 736 2277 narso
754 2176 861 2254 idest
879 2179 1048 2276 armilla3
1067 2182 1133 2278 qui
1150 2204 1214 2256 ve-

112 2297 192 2376 lunt
218 2324 333 2400 snper
361 2303 486 2400 capita
513 2301 631 2400 Regis
659 2309 697 2378 et
723 2303 914 2403 principes
940 2311 1051 2384 terre.
1082 2307 1133 2382 Et
1159 2309 1215 2386 sie

113 2425 317 2506 incederunt
344 2429 392 2506 ad
420 2427 600 2507 Cesaram
627 2431 835 2508 ancarum
859 2433 911 2524 ad
938 2457 1108 2534 campum
1133 2433 1214 2512 Mo·

112 2549 208 2631 lach.
248 2553 323 2631 Sed
344 2538 463 2634 'istum
492 2557 765 2635 adolescentem
792 2581 899 2636 nemo
928 2561 1090 2658 sciebat,
1118 2561 1214 2638 vnde

112 2691 210 2763 esset.
230 2681 280 2757 Et
299 2683 445 2780 equites
464 2681 621 2762 Cesaris
638 2681 847 2762 'Parcarum
867 2709 914 2762 ex
933 2694 1090 2785 utraque
1107 2695 1214 2788 parte

111 2808 296 2885 ordinatim
333 2811 442 2907 qnasi
478 2811 526 2886 ad
559 2831 671 2888 unam
708 2813 929 2909 miliariam,
959 2821 998 2890 et
1024 2815 1122 2892 inter
1148 2839 1215 2892 eos

22 2947 23 2954 ‘
112 2931 225 3011 debuit
249 2935 305 3010 ire
333 2934 382 3012 ad
409 2933 587 3013 Cesaram
612 2937 822 3016 'Parcarum
849 2939 1016 3018 Joannes
1043 2923 1138 3017 Rex}
1164 2942 1216 3017 Et

22 3121 23 3128 Ν
113 3059 214 3140 'lurni
243 3063 355 3140 valde
381 3061 661 3143 admirabantur
680 3068 797 3144 nobis.
826 3067 876 3144 Et
892 3091 1012 3166 poma
1040 3069 1213 3168 miliaria,

113 3211 212 3288 snper
238 3213 311 3290 quo
339 3189 460 3267 voluit
493 3191 577 3269 Rex
610 3216 769 3292 pergere
798 3195 847 3271 ad
874 3193 1073 3294 Cesaram,
1102 3221 1215 3295 snper

116 3321 242 3392 terram
268 3324 460 3418 prostrata
486 3325 568 3395 erat
594 3341 677 3394 cnm
704 3341 917 3420 purgpureo
944 3329 1081 3398 etcum
1099 3323 1216 3400 variis

115 3443 265 3542 palpetis
293 3445 509 3543 carpitebus
535 3467 655 3543 vsque
682 3446 731 3522 ad
758 3445 938 3524 Cesaram
973 3449 1212 3548 papilionem.

115 3566 198 3646 l'am
226 3571 405 3648 honorem
432 3595 637 3671 preparare
668 3571 832 3648 faciebat
859 3571 978 3651 Cesar
1005 3573 1213 3651 'Parcarum

114 3693 261 3776 loannis
279 3699 410 3796 Regis.
442 3699 494 3774 Et
512 3699 710 3776 teutoniam
728 3699 807 3774 vidi
826 3699 980 3778 Cosanis
1007 3701 1213 3799 fulgentem

115 3821 153 3899 de
176 3849 287 3922 auro,
317 3834 354 3902 et
383 3827 504 3902 altera
537 3833 618 3902 erat
644 3826 787 3924 papilio
814 3825 990 3904 Imbraim
1009 3829 1148 3924 nasse,
1178 3837 1215 3904 et

114 3952 217 4029 tercia
234 3951 378 4053 papilio
397 3958 479 4027 erat
496 3952 609 4029 basse
635 3949 746 4027 Aiam
764 3959 846 4028 erat
863 3952 1123 4031 thesaurarius
1142 3952 1213 4032 Ce-

22 4113 23 4128 r
117 4079 210 4156 saris.
239 4078 408 4176 Cumque
425 4077 509 4154 Rex
528 4077 699 4156 Joanncs
725 4079 960 4177 pervenisset
983 4081 1142 4180 primam
1159 4089 1213 4158 te-

22 4305 23 4308 x
117 4205 243 4282 noriam
266 4205 364 4282 Aion
391 4207 524 4300 basse,
554 4205 657 4282 illico
686 4206 859 4304 preciosa
886 4212 1030 4302 vestem
1058 4207 1216 4286 duxerat

118 4327 201 4431 Regi
217 4333 379 4432 Joanni,
399 4341 436 4410 et
453 4333 654 4412 induerunt
670 4357 784 4433 super
802 4357 905 4432 eum,
925 4342 1086 4412 stanam
1104 4335 1213 4412 dede-

22 4457 23 4500 r
118 4467 190 4535 runt
206 4460 253 4537 ad
270 4461 489 4538 cubicularii
508 4461 629 4558 Regio
644 4459 867 4560 Majestatis.
887 4461 940 4537 Et
956 4483 1111 4560 cumque
1128 4485 1213 4561 per-

22 4661 23 4666 a
119 4587 335 4686 venissemus
353 4586 402 4664 ad
418 4587 647 4688 papilionem
673 4589 786 4666 basse
804 4585 983 4666 Imbraim
1001 4594 1039 4664 et
1057 4589 1214 4666 alteram

119 4719 245 4792 vesum
272 4713 479 4816 preciosam
508 4737 553 4790 ac
581 4713 788 4813 preclarior
815 4711 882 4792 Iaz
899 4715 1033 4810 basse,
1053 4721 1091 4790 et
1108 4713 1212 4808 illam
