3238 5228
23 4147 25 4284 l

1141 453 1219 533 281

120 671 153 733 rt
169 659 296 735 statim
315 657 574 734 fetentissimo
593 657 708 733 verbs
726 657 849 755 ipsum
869 657 1064 750 consonet,
1085 663 1126 729 vt
1143 657 1226 754 ipsc

118 785 179 860 ibit
199 805 278 859 oum
298 805 364 879 eo,
384 783 565 880 quiajam
584 761 811 858 decreuisset
830 781 868 856 in
892 803 933 857 se
962 782 1047 879 ipsc
1074 780 1224 857 domina

119 912 166 985 ire
185 933 267 987 eum
285 933 352 1006 eo;
373 917 411 985 ot
427 909 543 984 faeiat
561 909 722 985 invitare
740 909 788 984 cd
806 931 930 984 urcem
948 909 997 984 od
1015 908 1222 1008 prandium.

118 1051 149 1111 et
179 1038 304 1114 stetim
333 1043 472 1114 statuat
490 1036 650 1134 optimos
679 1037 818 1113 milites
846 1035 1033 1135 perfectos
1061 1036 1131 1112 sub
1159 1037 1224 1114 ab·

118 1187 246 1241 secuso
264 1166 349 1241 loeo
366 1163 523 1263 pedites.
545 1161 1124 1260 Cumqueintreneritcdarcem,
1135 1185 1221 1239 mor

120 1299 198 1389 post
215 1292 337 1390 ipsum
355 1297 501 1390 portem
530 1291 628 1366 orcis
655 1313 802 1368 sursum
829 1290 982 1367 trahant
1009 1291 1104 1387 eito;
1135 1289 1222 1386 quin

116 1417 255 1513 quodsi
273 1417 434 1494 senserit
461 1439 546 1492 esse
572 1417 696 1514 ipsum
724 1416 941 1518 deceptum,
969 1418 1034 1492 rix
1062 1416 1220 1515 potestis

125 1545 164 1618 de
182 1545 263 1642 ipso
281 1544 453 1620 ewslere
471 1541 646 1642 pecilioe,
668 1543 866 1640 quodcum
885 1544 969 1642 pori
989 1565 1140 1620 numero
1167 1543 1222 1618 ibi

123 1671 195 1769 ipse
222 1670 269 1746 od
305 1671 500 1769 prandium
528 1670 562 1746 si
589 1670 679 1766 ibit3
708 1671 775 1746 sed
811 1679 974 1747 ccterwo
1010 1693 1080 1747 sne
1116 1677 1222 1745 extro

120 1798 332 1894 recludetur,
343 1807 383 1872 vt
401 1797 512 1896 pauci
532 1797 607 1873 sint
624 1819 707 1874 oum
726 1819 783 1873 eo.
804 1793 858 1900 ⁷0}
884 1797 1061 1873 Attamen
1079 1805 1121 1872 vt
1138 1796 1221 1872 sitis

119 1924 251 2019 parati,
281 1924 371 2020 quie
397 1945 483 1999 mox
510 1923 592 2020 ipse
611 1923 794 2021 pugnabit
824 1923 1028 2000 vobiscum.
1064 1923 1115 1998 Et
1139 1922 1225 1997 iude

121 2051 235 2125 entim
264 2057 471 2148 apparatus
498 2071 563 2126 ero
590 2073 673 2126 oum
700 2058 811 2146 gente
838 2071 922 2124 mee
945 2057 1123 2146 quantum
1140 2071 1225 2146 pos-

119 2197 202 2272 sum,
221 2177 310 2273 quio
329 2182 455 2253 ecstor
473 2199 577 2252 meus
596 2184 653 2252 est
672 2177 710 2250 in
729 2175 1023 2271 Transilwauio,
1045 2198 1118 2251 non
1138 2199 1223 2274 pos·

23 2335 24 2348 ¹
119 2325 190 2377 sum
206 2311 354 2400 gentem
382 2303 533 2400 copiose
552 2303 728 2380 hebere.“
765 2303 812 2376 Et
829 2302 1057 2378 relacionem
1076 2301 1221 2378 retollit

123 2429 321 2524 precursori
351 2429 497 2504 domine
526 2426 744 2528 Gywlensi,
772 2435 809 2503 et
836 2450 922 2503 mox
942 2449 1140 2526 precursor
1160 2451 1222 2504 eu·

23 2545 24 2576 ’
127 2555 241 2650 currit,
266 2562 305 2630 et
322 2555 391 2630 teli
409 2553 517 2629 modo
535 2554 714 2630 reserauit
731 2553 960 2629 relationem
980 2554 1126 2630 domine
1145 2577 1223 2632 suco.

121 2677 202 2776 Ipse
228 2681 376 2758 domino
404 2680 537 2756 relicte
565 2703 650 2755 eree
680 2678 878 2780 Gywleusi
908 2691 987 2754 erut
1016 2688 1156 2776 astute,
1186 2693 1222 2755 et

124 2829 196 2881 mox
214 2809 340 2884 stetim
360 2789 618 2905 precursorem
636 2806 726 2880 iecit
743 2807 889 2882 nouiter
907 2805 1017 2882 fidem
1036 2829 1140 2884 suam
1159 2808 1223 2884 ed·

122 2933 294 3024 jurantem
322 2933 507 3033 deponere
534 2955 812 3032 precursorem,
832 2941 873 3007 vt
900 2933 950 3010 sit
977 2934 1165 3032 perfectus
1184 2935 1224 3010 in

125 3058 302 3153 legacione
323 3083 368 3135 eo
386 3061 593 3137 roboratus.
615 3063 664 3135 Et
681 3059 787 3134 illum
815 3081 1074 3158 precursorem
1111 3059 1223 3136 desti·

124 3187 214 3261 nouit
231 3187 279 3261 ed
290 3184 499 3282 Georgium
510 3185 701 3262 Zerechen
710 3193 887 3282 torquem
898 3185 946 3260 ed
962 3185 1116 3262 irenem
1136 3186 1223 3262 cho·
1335 3183 1338 3192 ’

127 3311 294 3388 nselmum
323 3314 502 3388 vnioum:
527 3311 660 3410 ,Quod
682 3315 761 3410 jam
786 3333 845 3387 me
871 3313 955 3411 ipse
983 3312 1153 3410 decroni,
1184 3323 1223 3388 vt

126 3451 230 3514 reonm
248 3440 335 3515 volo
355 3439 532 3535 egredere
551 3438 599 3514 ad
618 3437 818 3532 Tertiam,
849 3439 937 3536 quio
954 3438 1017 3513 hio
1037 3461 1094 3514 me
1114 3440 1222 3515 valde

126 3561 274 3640 invident
292 3565 492 3664 optimates
520 3565 705 3661 Hungeri.
734 3565 785 3639 llt
813 3565 989 3662 quidquid
1007 3566 1132 3663 possis
1151 3567 1221 3652 ico,

124 3699 252 3768 etcum
280 3696 417 3788 magno
445 3692 632 3790 triumpho
660 3713 859 3790 possumus
885 3715 1044 3790 pergere
1074 3693 1123 3767 ed
1149 3691 1220 3768 Re·

125 3838 220 3906 gnum
246 3818 399 3894 Tureie.
438 3817 512 3894 Sed
539 3819 626 3894 veni
656 3817 703 3893 ed
730 3841 788 3893 me
816 3841 927 3914 quum
956 3818 1082 3894 cicius.
1097 3821 1220 3916 possis

124 3963 228 4020 urcem
247 3946 451 4042 occupend.
470 3953 668 4044 postquem
687 3946 899 4021 convicium
917 3946 1065 4040 faciem,
1086 3955 1223 4044 etpost

124 4072 319 4148 conuiuium
345 4071 408 4146 foc
435 4072 620 4169 quodvis
647 4073 808 4148 iecere.“
844 4072 980 4147 uttan
1011 4072 1118 4148 modo
1137 4095 1221 4171 pre-

128 4217 241 4276 onrsor
259 4199 440 4276 reserauit
459 4197 628 4295 Georgio
648 4199 852 4294 Zerecheu,
866 4199 964 4296 quod
983 4221 1138 4296 eumque
1157 4221 1220 4274 su*

125 4320 224 4400 disset
249 4323 441 4421 Georgius
460 4325 651 4401 Zerechen
670 4305 758 4402 ilico
777 4327 986 4422 gratulatus
1005 4325 1094 4420 init,
1123 4327 1222 4424 cepit

126 4446 205 4526 intro
231 4475 368 4528 vocare
397 4453 591 4553 veyuodcs
617 4453 763 4528 Tutore
790 4453 859 4528 sub
878 4453 1068 4552 papilione
1087 4473 1156 4528 sue
1173 4454 1220 4527 ed

126 4576 358 4654 eorummet
385 4587 568 4654 venerunt
594 4579 796 4678 veywodc,
825 4586 863 4654 et
892 4577 1083 4676 Georgius
1106 4577 1220 4654 Zere-

127 4695 204 4774 elen
223 4703 360 4801 incepit
380 4727 503 4780 coram
533 4707 735 4804 voywodss
763 4707 972 4802 protererre
998 4705 1101 4780 illem
1116 4705 1218 4820 rele-
