3226 5220
1131 446 1206 530 149

19 617 20 660 ⁷
117 670 183 724 eam
206 647 342 745 ipsius,
371 647 470 744 quod
501 649 607 747 prius
634 646 848 724 adhesisset
863 645 911 724 ad
929 645 1206 724 Ferdinandum

116 799 175 850 non
191 775 235 850 ad
252 776 279 852 J
281 798 440 851 oannem
459 775 614 872 Regem.

18 881 19 890 Ν
202 900 294 976 lnde
312 901 411 998 qnod
434 901 576 977 audiuit
604 902 686 978 Rex
714 901 741 978 J
743 923 884 978 oannes
902 900 1036 976 iterum
1054 921 1205 998 precur-

18 1079 19 1082 κ
115 1050 217 1103 eorem
244 1029 363 1124 misit,
392 1028 520 1104 dicens
539 1029 578 1103 in
606 1029 769 1128 epistola
795 1050 865 1104 sua
893 1026 1022 1102 dicens
1042 1053 1051 1099 ε
1075 1023 1208 1122 „Quod

114 1153 294 1238 condecet
312 1157 478 1251 legatum
496 1157 630 1252 ligare,
651 1177 770 1252 neque
789 1153 1060 1230 incarcerare.“
1084 1153 1136 1227 Et
1152 1152 1208 1228 nil

17 1311 18 1314 Ν
114 1287 319 1356 erraberunt
336 1289 464 1380 partes
483 1281 731 1376 Ferdinandi,
752 1281 820 1358 sed
837 1265 968 1380 pocius
987 1277 1207 1356 deludernnt

114 1407 277 1504 epistolas
296 1429 386 1484 suas
404 1415 442 1484 et
460 1409 795 1506 euplioacionibue‚
816 1414 854 1482 et
872 1428 1027 1482 munera
1044 1427 1114 1482 ena
1132 1427 1207 1482 non

17 1595 18 1598 e
114 1534 194 1608 bono
211 1534 336 1610 animo
366 1535 596 1633 accepisset3
617 1542 655 1610 et
671 1535 814 1610 nnllam
841 1533 1070 1609 relacionem
1097 1531 1206 1607 dede·

115 1667 184 1734 runt
208 1661 348 1738 Joanni
376 1661 496 1757 Regi,
526 1662 593 1739 sed
619 1669 827 1739 tacuerunt.
858 1661 1045 1738 Joannem
1073 1659 1208 1759 Banffy

17 1789 18 1804 ¹
114 1786 345 1882 permiserunt
371 1789 501 1864 venire
518 1788 567 1863 ad
585 1789 728 1886 Regem
756 1789 943 1866 Joannem
961 1793 1048 1886 poet
1065 1786 1210 1864 dnobus

16 1995 17 1998 g
114 1913 286 1988 mensibus
304 1914 411 1990 nulla
429 1915 630 2009 relacione,
650 1915 775 1990 sedin
794 1915 866 1991 boc
884 1913 1056 1988 ewannit.
1168 2007 1171 2013 Δ

203 2037 286 2115 Rex
313 2039 483 2116 Joannee
520 2041 738 2137 intelligens
770 2041 955 2138 seipsum,
984 2038 1083 2136 quod
1111 2039 1208 2114 male

113 2173 246 2240 conaret
281 2164 452 2240 condicio
489 2189 578 2262 ena,
617 2167 684 2242 sed
711 2167 783 2242 hoc
810 2174 892 2244 erat
917 2167 957 2240 in
984 2162 1209 2240 Nouembris

113 2290 286 2366 mensibus
313 2291 354 2366 in
382 2297 518 2366 octaua
545 2293 708 2368 omnium
734 2300 946 2369 sanctornm
973 2292 1060 2367 dum
1087 2289 1210 2366 adbuc

16 2419 17 2430 '
112 2416 312 2492 scribebant
332 2411 448 2491 1527.
470 2417 620 2493 Etcum
639 2441 684 2492 eo
703 2419 829 2494 nullus
847 2417 1064 2514 Hungarne,
1084 2422 1209 2514 preter

113 2541 292 2620 Emericne
322 2539 468 2636 Oibak,
497 2549 535 2616 et
562 2540 773 2640 Gregorius
792 2542 980 2636 Pestieni,
1001 2550 1038 2616 et
1064 2540 1207 2639 Tornaj

111 2667 273 2764 drochus,
294 2676 333 2744 et
350 2669 521 2746 ‚loannes
540 2669 649 2764 Doci,
670 2669 734 2745 ieti
755 2676 862 2746 erant
880 2668 1073 2746 consiliari
1093 2673 1206 2744 latro·

110 2818 179 2870 neo.
198 2795 274 2871 Mel
293 2795 520 2894 procedebat
538 2795 583 2870 de
603 2819 668 2872 ore
686 2819 826 2890 eorum,
846 2803 1009 2871 attamen
1024 2817 1207 2870 venenum

111 2921 312 2997 abebebant
339 2921 378 2996 in
405 2921 528 2997 corde.
559 2921 682 2997 Erant
708 2929 771 2998 tm.
801 2923 967 3016 nobiles,
997 2927 1036 2996 et
1059 2919 1106 2996 de
1123 2920 1207 3018 ipso

15 3125 16 3156 X
111 3049 221 3123 omnia
238 3048 501 3146 possessiones
518 3048 714 3144 rogabant,
734 3055 772 3122 et
790 3047 836 3122 de
851 3048 957 3144 Rege
972 3047 1211 3146 suplicabent

15 3165 16 3186 ¹
110 3181 308 3270 pernetam
335 3172 588 3268 infidelitatis,
608 3179 646 3248 et
669 3172 830 3249 libenter
849 3173 905 3248 eis
924 3171 1207 3266 distribuebant,

110 3307 140 3373 et
157 3301 194 3375 in
211 3300 364 3398 scriptio
382 3299 621 3377 habebabant
638 3299 677 3374 in
695 3300 868 3376 literibne
887 3299 1207 3376 donacionalibue.

15 3439 16 3532 j
111 3425 152 3500 Et
170 3435 232 3502 tm.
252 3426 342 3502 inde
360 3425 532 3504 ridebant
550 3428 658 3524 qnasi
676 3427 828 3502 labrum.
858 3425 942 3501 Tm.
962 3447 1045 3500 cnm
1064 3449 1109 3502 eo
1128 3431 1210 3502 erat

15 3585 16 3594 κ
110 3551 170 3626 ine
180 3549 917 3654 senexDalmata*)OrietoierueGroph‚
938 3558 976 3626 et
992 3552 1064 3628 iste
1083 3574 1208 3627 mona·

15 3669 16 3738 l
111 3677 191 3756 choo
210 3677 437 3756 Franciecus
455 3679 501 3754 de
518 3680 703 3776 religione
721 3679 1051 3756 Hernaldinorum.
1077 3679 1129 3754 Et
1145 3678 1209 3754 ieti

110 3809 162 3879 tn.
182 3813 288 3882 erant
307 3805 343 3880 ei
362 3805 460 3901 Regi
479 3805 505 3882 J
508 3807 621 3881 oanni
639 3805 764 3882 decori
783 3807 823 3881 in
842 3806 1044 3898 cumaena,
1066 3813 1104 3880 et
1121 3829 1208 3882 con·

110 3931 218 4010 oiliari
237 3937 344 4009 erant
370 3933 616 4008 mediocriter.
646 3933 697 4008 Et
722 3941 966 4032 portauernnt
992 3957 1102 4010 vnam
1130 3956 1207 4008 ma·

110 4081 174 4153 gno
191 4059 235 4134 de
247 4061 334 4136 albo
350 4081 630 4158 pergamenum,
651 4067 689 4136 et
706 4061 832 4137 statim
850 4061 951 4138 misit
968 4081 1208 4159 precursoree

111 4207 188 4262 auos
206 4187 253 4262 ad
270 4211 389 4284 regna
408 4193 446 4262 et
463 4187 512 4262 ad
528 4189 754 4286 prouinciae.
784 4189 836 4264 Et
857 4195 1038 4266 venerunt
1064 4187 1207 4286 capitu·

110 4309 199 4390 lares
217 4315 266 4390 ad
283 4313 514 4410 Strigoniam
542 4337 636 4411 erga
663 4315 807 4412 Regem
834 4315 1019 4392 Joannem
1037 4313 1086 4391 ad
1103 4315 1207 4392 teeti·

112 4441 259 4516 monium
288 4439 476 4536 faciendi,
505 4441 578 4540 ipsi
605 4443 1050 4541 existimabantflpropter
1081 4462 1207 4518 casnm

114 4641 410 4656 Q—-u--n-

139 4723 169 4790 *l
186 4724 249 4782 blm
266 4723 321 4784 ker
337 4725 471 4800 javltva:
494 4727 644 4800 „Cr-oeta*
