<?xml version="1.0" encoding="UTF-8"?>
<!DOCTYPE html PUBLIC "-//W3C//DTD XHTML 1.0 Transitional//EN"
    "http://www.w3.org/TR/xhtml1/DTD/xhtml1-transitional.dtd">
<html xmlns="http://www.w3.org/1999/xhtml" xml:lang="en" lang="en">
 <head>
  <title>
</title>
<meta http-equiv="Content-Type" content="text/html;charset=utf-8" />
  <meta name='ocr-system' content='tesseract 3.04.00' />
  <meta name='ocr-capabilities' content='ocr_page ocr_carea ocr_par ocr_line ocrx_word'/>
</head>
<body>
  <div class='ocr_page' id='page_1' title='image "./emlkiratamagyar00wenzgoog_0205.png"; bbox 0 0 3226 5220; ppageno 0'>
   <div class='ocr_carea' id='block_1_1' title="bbox 411 445 485 526">
    <p class='ocr_par' dir='ltr' id='par_1_1' title="bbox 411 445 485 526">
     <span class='ocr_line' id='line_1_1' title="bbox 411 445 485 526; baseline 0 0"><span class='ocrx_word' id='word_1_1' title='bbox 411 445 485 526; x_wconf 78' lang='lat'>158</span> 
     </span>
    </p>
   </div>
   <div class='ocr_carea' id='block_1_2' title="bbox 405 641 1532 1503">
    <p class='ocr_par' dir='ltr' id='par_1_2' title="bbox 405 641 1532 1503">
     <span class='ocr_line' id='line_1_2' title="bbox 407 641 1529 725; baseline -0.005 -1"><span class='ocrx_word' id='word_1_2' title='bbox 407 649 459 725; x_wconf 89' lang='lat' dir='ltr'>Et</span> <span class='ocrx_word' id='word_1_3' title='bbox 477 641 666 721; x_wconf 85' lang='lat' dir='ltr'>Martinus</span> <span class='ocrx_word' id='word_1_4' title='bbox 685 643 804 720; x_wconf 87' lang='lat' dir='ltr'>Botua</span> <span class='ocrx_word' id='word_1_5' title='bbox 823 642 984 720; x_wconf 79' lang='lat' dir='ltr'><strong>cucurrit</strong></span> <span class='ocrx_word' id='word_1_6' title='bbox 1003 643 1151 720; x_wconf 89' lang='lat' dir='ltr'>circiter</span> <span class='ocrx_word' id='word_1_7' title='bbox 1178 642 1226 718; x_wconf 90' lang='lat' dir='ltr'>ad</span> <span class='ocrx_word' id='word_1_8' title='bbox 1252 643 1279 721; x_wconf 88' lang='lat' dir='ltr'><strong>J</strong></span> <span class='ocrx_word' id='word_1_9' title='bbox 1281 666 1389 720; x_wconf 85' lang='lat' dir='ltr'>owan</span> <span class='ocrx_word' id='word_1_10' title='bbox 1418 641 1529 722; x_wconf 82' lang='lat' dir='ltr'>Char</span> 
     </span>
     <span class='ocr_line' id='line_1_3' title="bbox 405 763 1531 875; baseline -0.006 -25"><span class='ocrx_word' id='word_1_11' title='bbox 405 775 453 851; x_wconf 90' lang='lat' dir='ltr'>ad</span> <span class='ocrx_word' id='word_1_12' title='bbox 482 770 659 868; x_wconf 87' lang='lat' dir='ltr'>Zeghed,</span> <span class='ocrx_word' id='word_1_13' title='bbox 689 771 777 866; x_wconf 91' lang='lat' dir='ltr'>quia</span> <span class='ocrx_word' id='word_1_14' title='bbox 808 772 889 868; x_wconf 79' lang='lat' dir='ltr'>J&#39;am</span> <span class='ocrx_word' id='word_1_15' title='bbox 905 763 968 875; x_wconf 70' lang='lat' dir='ltr'>{ibi</span> <span class='ocrx_word' id='word_1_16' title='bbox 995 769 1203 863; x_wconf 79' lang='lat' dir='ltr'>residebat,</span> <span class='ocrx_word' id='word_1_17' title='bbox 1233 769 1332 867; x_wconf 88' lang='lat' dir='ltr'>quod</span> <span class='ocrx_word' id='word_1_18' title='bbox 1360 770 1531 848; x_wconf 78' lang='lat' dir='ltr'>audisset</span> 
     </span>
     <span class='ocr_line' id='line_1_4' title="bbox 406 896 1532 976; baseline -0.004 -1"><span class='ocrx_word' id='word_1_19' title='bbox 406 898 650 976; x_wconf 88' lang='lat' dir='ltr'>Valentinum</span> <span class='ocrx_word' id='word_1_20' title='bbox 687 899 782 972; x_wconf 88' lang='lat' dir='ltr'>benc</span> <span class='ocrx_word' id='word_1_21' title='bbox 820 897 1000 972; x_wconf 86' lang='lat' dir='ltr'>munitum</span> <span class='ocrx_word' id='word_1_22' title='bbox 1037 897 1076 970; x_wconf 95' lang='lat' dir='ltr'>in</span> <span class='ocrx_word' id='word_1_23' title='bbox 1112 920 1198 974; x_wconf 90' lang='lat' dir='ltr'>arce</span> <span class='ocrx_word' id='word_1_24' title='bbox 1235 896 1437 972; x_wconf 87' lang='lat' dir='ltr'>Zabattha.</span> <span class='ocrx_word' id='word_1_25' title='bbox 1478 898 1532 971; x_wconf 90' lang='lat' dir='ltr'>Et</span> 
     </span>
     <span class='ocr_line' id='line_1_5' title="bbox 407 1022 1530 1123; baseline -0.002 -21"><span class='ocrx_word' id='word_1_26' title='bbox 407 1027 580 1102; x_wconf 87' lang='lat' dir='ltr'>celeriter</span> <span class='ocrx_word' id='word_1_27' title='bbox 589 1025 738 1100; x_wconf 88' lang='lat' dir='ltr'>obtulht</span> <span class='ocrx_word' id='word_1_28' title='bbox 756 1047 910 1100; x_wconf 92' lang='lat' dir='ltr'>munera</span> <span class='ocrx_word' id='word_1_29' title='bbox 927 1023 1096 1123; x_wconf 90' lang='lat' dir='ltr'>predicta</span> <span class='ocrx_word' id='word_1_30' title='bbox 1115 1046 1247 1102; x_wconf 89' lang='lat' dir='ltr'>manus</span> <span class='ocrx_word' id='word_1_31' title='bbox 1267 1023 1403 1101; x_wconf 86' lang='lat' dir='ltr'>Jowau</span> <span class='ocrx_word' id='word_1_32' title='bbox 1422 1022 1530 1100; x_wconf 82' lang='lat' dir='ltr'>Char</span> 
     </span>
     <span class='ocr_line' id='line_1_6' title="bbox 408 1150 1528 1250; baseline -0.004 -21"><span class='ocrx_word' id='word_1_33' title='bbox 408 1161 445 1229; x_wconf 88' lang='lat' dir='ltr'>et</span> <span class='ocrx_word' id='word_1_34' title='bbox 462 1153 608 1228; x_wconf 90' lang='lat' dir='ltr'>litteras</span> <span class='ocrx_word' id='word_1_35' title='bbox 622 1154 732 1248; x_wconf 84' lang='lat' dir='ltr'>juxta</span> <span class='ocrx_word' id='word_1_36' title='bbox 750 1150 849 1226; x_wconf 92' lang='lat' dir='ltr'>dona</span> <span class='ocrx_word' id='word_1_37' title='bbox 868 1174 959 1246; x_wconf 88' lang='lat' dir='ltr'>sua;</span> <span class='ocrx_word' id='word_1_38' title='bbox 979 1152 1116 1250; x_wconf 90' lang='lat' dir='ltr'>quippe</span> <span class='ocrx_word' id='word_1_39' title='bbox 1144 1173 1321 1245; x_wconf 86' lang='lat' dir='ltr'>munera,</span> <span class='ocrx_word' id='word_1_40' title='bbox 1350 1172 1528 1249; x_wconf 84' lang='lat' dir='ltr'>pannum,</span> 
     </span>
     <span class='ocr_line' id='line_1_7' title="bbox 407 1277 1527 1376; baseline -0.004 -22"><span class='ocrx_word' id='word_1_41' title='bbox 407 1287 569 1376; x_wconf 89' lang='lat' dir='ltr'>ctequos</span> <span class='ocrx_word' id='word_1_42' title='bbox 588 1279 762 1376; x_wconf 81' lang='lat' dir='ltr'>cespites,</span> <span class='ocrx_word' id='word_1_43' title='bbox 782 1285 819 1352; x_wconf 94' lang='lat' dir='ltr'>et</span> <span class='ocrx_word' id='word_1_44' title='bbox 837 1278 1057 1354; x_wconf 84' lang='lat' dir='ltr'>thezaurum</span> <span class='ocrx_word' id='word_1_45' title='bbox 1076 1277 1121 1352; x_wconf 91' lang='lat' dir='ltr'>dc</span> <span class='ocrx_word' id='word_1_46' title='bbox 1139 1300 1234 1376; x_wconf 90' lang='lat' dir='ltr'>puro</span> <span class='ocrx_word' id='word_1_47' title='bbox 1254 1301 1348 1354; x_wconf 91' lang='lat' dir='ltr'>auro</span> <span class='ocrx_word' id='word_1_48' title='bbox 1358 1277 1527 1374; x_wconf 90' lang='lat' dir='ltr'>quinque</span> 
     </span>
     <span class='ocr_line' id='line_1_8' title="bbox 410 1403 1529 1503; baseline -0.004 -23"><span class='ocrx_word' id='word_1_49' title='bbox 410 1407 514 1480; x_wconf 91' lang='lat' dir='ltr'>milia</span> <span class='ocrx_word' id='word_1_50' title='bbox 540 1403 783 1500; x_wconf 89' lang='lat' dir='ltr'>florenorum,</span> <span class='ocrx_word' id='word_1_51' title='bbox 815 1410 852 1479; x_wconf 89' lang='lat' dir='ltr'>et</span> <span class='ocrx_word' id='word_1_52' title='bbox 879 1404 1010 1503; x_wconf 84' lang='lat' dir='ltr'>ciphos</span> <span class='ocrx_word' id='word_1_53' title='bbox 1037 1405 1236 1481; x_wconf 89' lang='lat' dir='ltr'>deauratos</span> <span class='ocrx_word' id='word_1_54' title='bbox 1265 1404 1406 1478; x_wconf 86' lang='lat' dir='ltr'>decem.</span> <span class='ocrx_word' id='word_1_55' title='bbox 1436 1403 1529 1478; x_wconf 82' lang='lat' dir='ltr'>Mox</span> 
     </span>
    </p>
   </div>
   <div class='ocr_carea' id='block_1_3' title="bbox 266 1529 1529 1628">
    <p class='ocr_par' dir='ltr' id='par_1_3' title="bbox 266 1529 1529 1628">
     <span class='ocr_line' id='line_1_9' title="bbox 266 1529 1529 1628; baseline -0.006 -16"><span class='ocrx_word' id='word_1_56' title='bbox 266 1567 273 1580; x_wconf 88' lang='lat'><strong>·</strong></span> <span class='ocrx_word' id='word_1_57' title='bbox 409 1534 545 1611; x_wconf 85' lang='lat' dir='ltr'>Jowan</span> <span class='ocrx_word' id='word_1_58' title='bbox 573 1529 696 1612; x_wconf 82' lang='lat' dir='ltr'>Char,</span> <span class='ocrx_word' id='word_1_59' title='bbox 729 1552 842 1628; x_wconf 88' lang='lat' dir='ltr'>quum</span> <span class='ocrx_word' id='word_1_60' title='bbox 880 1531 1130 1608; x_wconf 86' lang='lat' dir='ltr'>intellexisset</span> <span class='ocrx_word' id='word_1_61' title='bbox 1168 1531 1266 1628; x_wconf 89' lang='lat' dir='ltr'>Regi</span> <span class='ocrx_word' id='word_1_62' title='bbox 1297 1529 1529 1606; x_wconf 87' lang='lat' dir='ltr'>Ferdinaudi</span> 
     </span>
    </p>
   </div>
   <div class='ocr_carea' id='block_1_4' title="bbox 409 1656 1532 4406">
    <p class='ocr_par' dir='ltr' id='par_1_4' title="bbox 409 1656 1531 3884">
     <span class='ocr_line' id='line_1_10' title="bbox 409 1656 1530 1756; baseline -0.002 -22"><span class='ocrx_word' id='word_1_63' title='bbox 409 1659 577 1754; x_wconf 82' lang='lat' dir='ltr'>libitum,</span> <span class='ocrx_word' id='word_1_64' title='bbox 605 1665 645 1731; x_wconf 87' lang='lat' dir='ltr'>vt</span> <span class='ocrx_word' id='word_1_65' title='bbox 681 1658 717 1731; x_wconf 92' lang='lat' dir='ltr'>ei</span> <span class='ocrx_word' id='word_1_66' title='bbox 754 1656 896 1732; x_wconf 87' lang='lat' dir='ltr'>servire</span> <span class='ocrx_word' id='word_1_67' title='bbox 935 1657 1105 1754; x_wconf 84' lang='lat' dir='ltr'>deberet,</span> <span class='ocrx_word' id='word_1_68' title='bbox 1136 1665 1174 1732; x_wconf 93' lang='lat' dir='ltr'>et</span> <span class='ocrx_word' id='word_1_69' title='bbox 1202 1681 1269 1756; x_wconf 92' lang='lat' dir='ltr'>pro</span> <span class='ocrx_word' id='word_1_70' title='bbox 1298 1657 1420 1734; x_wconf 85' lang='lat' dir='ltr'>seruis</span> <span class='ocrx_word' id='word_1_71' title='bbox 1450 1658 1530 1734; x_wconf 88' lang='lat' dir='ltr'>suis</span> 
     </span>
     <span class='ocr_line' id='line_1_11' title="bbox 411 1782 1530 1881; baseline -0.002 -21"><span class='ocrx_word' id='word_1_72' title='bbox 411 1784 577 1860; x_wconf 89' lang='lat' dir='ltr'>diuidere</span> <span class='ocrx_word' id='word_1_73' title='bbox 586 1785 726 1859; x_wconf 87' lang='lat' dir='ltr'>fecerat</span> <span class='ocrx_word' id='word_1_74' title='bbox 744 1783 812 1858; x_wconf 89' lang='lat' dir='ltr'>illa</span> <span class='ocrx_word' id='word_1_75' title='bbox 831 1782 939 1878; x_wconf 87' lang='lat' dir='ltr'>dona,</span> <span class='ocrx_word' id='word_1_76' title='bbox 959 1785 1127 1881; x_wconf 90' lang='lat' dir='ltr'>palatino</span> <span class='ocrx_word' id='word_1_77' title='bbox 1148 1807 1215 1860; x_wconf 90' lang='lat' dir='ltr'>suo</span> <span class='ocrx_word' id='word_1_78' title='bbox 1236 1791 1273 1858; x_wconf 90' lang='lat' dir='ltr'>et</span> <span class='ocrx_word' id='word_1_79' title='bbox 1287 1783 1530 1860; x_wconf 86' lang='lat' dir='ltr'>thezaurario</span> 
     </span>
     <span class='ocr_line' id='line_1_12' title="bbox 411 1909 1529 2006; baseline -0.004 -18"><span class='ocrx_word' id='word_1_80' title='bbox 411 1911 567 1988; x_wconf 86' lang='lat' dir='ltr'>Subotta</span> <span class='ocrx_word' id='word_1_81' title='bbox 585 1909 767 2006; x_wconf 78' lang='lat' dir='ltr'>vaiuode3</span> <span class='ocrx_word' id='word_1_82' title='bbox 787 1909 975 2005; x_wconf 83' lang='lat' dir='ltr'>gaudebat</span> <span class='ocrx_word' id='word_1_83' title='bbox 993 1919 1030 1984; x_wconf 90' lang='lat' dir='ltr'>et</span> <span class='ocrx_word' id='word_1_84' title='bbox 1048 1917 1152 1986; x_wconf 89' lang='lat' dir='ltr'>tanto</span> <span class='ocrx_word' id='word_1_85' title='bbox 1174 1933 1346 2006; x_wconf 85' lang='lat' dir='ltr'>munere,</span> <span class='ocrx_word' id='word_1_86' title='bbox 1368 1918 1406 1984; x_wconf 91' lang='lat' dir='ltr'>et</span> <span class='ocrx_word' id='word_1_87' title='bbox 1432 1909 1529 1984; x_wconf 87' lang='lat' dir='ltr'>tanti</span> 
     </span>
     <span class='ocr_line' id='line_1_13' title="bbox 413 2035 1529 2136; baseline -0.004 -24"><span class='ocrx_word' id='word_1_88' title='bbox 413 2037 637 2136; x_wconf 89' lang='lat' dir='ltr'>promisione</span> <span class='ocrx_word' id='word_1_89' title='bbox 656 2035 886 2111; x_wconf 86' lang='lat' dir='ltr'>Ferdinandi</span> <span class='ocrx_word' id='word_1_90' title='bbox 904 2035 1014 2131; x_wconf 82' lang='lat' dir='ltr'>Regi.</span> <span class='ocrx_word' id='word_1_91' title='bbox 1035 2036 1086 2110; x_wconf 89' lang='lat' dir='ltr'>Et</span> <span class='ocrx_word' id='word_1_92' title='bbox 1104 2037 1213 2132; x_wconf 86' lang='lat' dir='ltr'>niger</span> <span class='ocrx_word' id='word_1_93' title='bbox 1241 2035 1351 2112; x_wconf 94' lang='lat' dir='ltr'>homo</span> <span class='ocrx_word' id='word_1_94' title='bbox 1379 2035 1529 2112; x_wconf 89' lang='lat' dir='ltr'>adhesit</span> 
     </span>
     <span class='ocr_line' id='line_1_14' title="bbox 414 2161 1530 2260; baseline -0.004 -20"><span class='ocrx_word' id='word_1_95' title='bbox 414 2187 499 2240; x_wconf 87' lang='lat' dir='ltr'>mox</span> <span class='ocrx_word' id='word_1_96' title='bbox 518 2163 565 2237; x_wconf 92' lang='lat' dir='ltr'>ad</span> <span class='ocrx_word' id='word_1_97' title='bbox 584 2161 871 2256; x_wconf 87' lang='lat' dir='ltr'>Ferdinandum‚</span> <span class='ocrx_word' id='word_1_98' title='bbox 893 2162 981 2257; x_wconf 89' lang='lat' dir='ltr'>quia</span> <span class='ocrx_word' id='word_1_99' title='bbox 1000 2161 1259 2238; x_wconf 83' lang='lat' dir='ltr'>Fcrdinandus</span> <span class='ocrx_word' id='word_1_100' title='bbox 1277 2161 1349 2238; x_wconf 91' lang='lat' dir='ltr'>hoe</span> <span class='ocrx_word' id='word_1_101' title='bbox 1367 2161 1530 2260; x_wconf 88' lang='lat' dir='ltr'>scripse-</span> 
     </span>
     <span class='ocr_line' id='line_1_15' title="bbox 412 2287 1530 2388; baseline -0.003 -23"><span class='ocrx_word' id='word_1_102' title='bbox 412 2297 472 2366; x_wconf 88' lang='lat' dir='ltr'>rat</span> <span class='ocrx_word' id='word_1_103' title='bbox 498 2291 536 2364; x_wconf 93' lang='lat' dir='ltr'>in</span> <span class='ocrx_word' id='word_1_104' title='bbox 573 2289 710 2364; x_wconf 91' lang='lat' dir='ltr'>litteris</span> <span class='ocrx_word' id='word_1_105' title='bbox 738 2289 837 2364; x_wconf 91' lang='lat' dir='ltr'>suis:</span> <span class='ocrx_word' id='word_1_106' title='bbox 870 2287 1002 2384; x_wconf 83' lang='lat' dir='ltr'>„Quod</span> <span class='ocrx_word' id='word_1_107' title='bbox 1028 2291 1083 2364; x_wconf 91' lang='lat' dir='ltr'>nil</span> <span class='ocrx_word' id='word_1_108' title='bbox 1110 2290 1291 2366; x_wconf 88' lang='lat' dir='ltr'>terrearis</span> <span class='ocrx_word' id='word_1_109' title='bbox 1319 2289 1365 2364; x_wconf 89' lang='lat' dir='ltr'>de</span> <span class='ocrx_word' id='word_1_110' title='bbox 1383 2289 1530 2388; x_wconf 90' lang='lat' dir='ltr'>Zapule</span> 
     </span>
     <span class='ocr_line' id='line_1_16' title="bbox 413 2413 1530 2518; baseline -0.005 -24"><span class='ocrx_word' id='word_1_111' title='bbox 413 2417 538 2512; x_wconf 86' lang='lat' dir='ltr'>Rege,</span> <span class='ocrx_word' id='word_1_112' title='bbox 558 2415 646 2511; x_wconf 92' lang='lat' dir='ltr'>quia</span> <span class='ocrx_word' id='word_1_113' title='bbox 665 2414 790 2489; x_wconf 91' lang='lat' dir='ltr'>statim</span> <span class='ocrx_word' id='word_1_114' title='bbox 818 2437 886 2489; x_wconf 90' lang='lat' dir='ltr'>nos</span> <span class='ocrx_word' id='word_1_115' title='bbox 915 2421 959 2490; x_wconf 82' lang='lat' dir='ltr'>de</span> <span class='ocrx_word' id='word_1_116' title='bbox 986 2443 1067 2492; x_wconf 82' lang='lat' dir='ltr'>oreo</span> <span class='ocrx_word' id='word_1_117' title='bbox 1097 2413 1269 2518; x_wconf 54' lang='lat' dir='ltr'>nostrai)</span> <span class='ocrx_word' id='word_1_118' title='bbox 1298 2415 1530 2492; x_wconf 85' lang='lat' dir='ltr'>mouebimus</span> 
     </span>
     <span class='ocr_line' id='line_1_17' title="bbox 412 2539 1528 2637; baseline -0.005 -17"><span class='ocrx_word' id='word_1_119' title='bbox 412 2543 614 2620; x_wconf 82' lang='lat' dir='ltr'>exercitum</span> <span class='ocrx_word' id='word_1_120' title='bbox 623 2539 802 2637; x_wconf 88' lang='lat' dir='ltr'>grandem</span> <span class='ocrx_word' id='word_1_121' title='bbox 821 2548 950 2618; x_wconf 90' lang='lat' dir='ltr'>contra</span> <span class='ocrx_word' id='word_1_122' title='bbox 968 2563 1063 2617; x_wconf 91' lang='lat' dir='ltr'>eum.</span> <span class='ocrx_word' id='word_1_123' title='bbox 1084 2541 1176 2618; x_wconf 90' lang='lat' dir='ltr'>Inde</span> <span class='ocrx_word' id='word_1_124' title='bbox 1195 2565 1263 2618; x_wconf 90' lang='lat' dir='ltr'>nos</span> <span class='ocrx_word' id='word_1_125' title='bbox 1283 2549 1321 2616; x_wconf 90' lang='lat' dir='ltr'>et</span> <span class='ocrx_word' id='word_1_126' title='bbox 1340 2542 1379 2617; x_wconf 93' lang='lat' dir='ltr'>in</span> <span class='ocrx_word' id='word_1_127' title='bbox 1398 2562 1528 2618; x_wconf 85' lang='lat' dir='ltr'>seorso</span> 
     </span>
     <span class='ocr_line' id='line_1_18' title="bbox 412 2667 1529 2770; baseline -0.004 -24"><span class='ocrx_word' id='word_1_128' title='bbox 412 2673 534 2770; x_wconf 92' lang='lat' dir='ltr'>ipsum</span> <span class='ocrx_word' id='word_1_129' title='bbox 552 2670 648 2743; x_wconf 90' lang='lat' dir='ltr'>benc</span> <span class='ocrx_word' id='word_1_130' title='bbox 666 2689 800 2764; x_wconf 81' lang='lat' dir='ltr'>capere</span> <span class='ocrx_word' id='word_1_131' title='bbox 819 2689 1017 2764; x_wconf 89' lang='lat' dir='ltr'>possumus</span> <span class='ocrx_word' id='word_1_132' title='bbox 1035 2667 1252 2744; x_wconf 88' lang='lat' dir='ltr'>traditorem</span> <span class='ocrx_word' id='word_1_133' title='bbox 1283 2668 1404 2744; x_wconf 89' lang='lat' dir='ltr'>tocius</span> <span class='ocrx_word' id='word_1_134' title='bbox 1431 2667 1529 2743; x_wconf 88' lang='lat' dir='ltr'>chri·</span> 
     </span>
     <span class='ocr_line' id='line_1_19' title="bbox 413 2791 1530 2894; baseline -0.01 -19"><span class='ocrx_word' id='word_1_135' title='bbox 413 2795 628 2888; x_wconf 86' lang='lat' dir='ltr'>stianitatis‚</span> <span class='ocrx_word' id='word_1_136' title='bbox 641 2799 677 2868; x_wconf 90' lang='lat' dir='ltr'>ct</span> <span class='ocrx_word' id='word_1_137' title='bbox 694 2799 734 2866; x_wconf 90' lang='lat' dir='ltr'>tu</span> <span class='ocrx_word' id='word_1_138' title='bbox 754 2794 829 2870; x_wconf 90' lang='lat' dir='ltr'>eris</span> <span class='ocrx_word' id='word_1_139' title='bbox 848 2795 993 2869; x_wconf 91' lang='lat' dir='ltr'>demum</span> <span class='ocrx_word' id='word_1_140' title='bbox 1012 2794 1203 2894; x_wconf 84' lang='lat' dir='ltr'>dezpotus,</span> <span class='ocrx_word' id='word_1_141' title='bbox 1225 2802 1262 2870; x_wconf 89' lang='lat' dir='ltr'>et</span> <span class='ocrx_word' id='word_1_142' title='bbox 1280 2796 1320 2869; x_wconf 93' lang='lat' dir='ltr'>in</span> <span class='ocrx_word' id='word_1_143' title='bbox 1331 2791 1530 2890; x_wconf 85' lang='lat' dir='ltr'>Hungaria</span> 
     </span>
     <span class='ocr_line' id='line_1_20' title="bbox 413 2918 1529 3023; baseline -0.005 -25"><span class='ocrx_word' id='word_1_144' title='bbox 413 2921 588 3023; x_wconf 91' lang='lat' dir='ltr'>quicquid</span> <span class='ocrx_word' id='word_1_145' title='bbox 605 2920 736 2996; x_wconf 87' lang='lat' dir='ltr'>habuit</span> <span class='ocrx_word' id='word_1_146' title='bbox 753 2921 1011 3018; x_wconf 89' lang='lat' dir='ltr'>possessiones</span> <span class='ocrx_word' id='word_1_147' title='bbox 1031 2921 1211 3020; x_wconf 82' lang='lat' dir='ltr'>dezpotus</span> <span class='ocrx_word' id='word_1_148' title='bbox 1239 2945 1262 2995; x_wconf 89' lang='lat' dir='ltr'>a</span> <span class='ocrx_word' id='word_1_149' title='bbox 1290 2918 1529 3016; x_wconf 88' lang='lat' dir='ltr'>Sigismundo</span> 
     </span>
     <span class='ocr_line' id='line_1_21' title="bbox 415 3044 1530 3142; baseline -0.004 -19"><span class='ocrx_word' id='word_1_150' title='bbox 415 3047 575 3140; x_wconf 76' lang='lat' dir='ltr'>(lesere,</span> <span class='ocrx_word' id='word_1_151' title='bbox 604 3045 708 3120; x_wconf 89' lang='lat' dir='ltr'>illam</span> <span class='ocrx_word' id='word_1_152' title='bbox 735 3047 1010 3142; x_wconf 88' lang='lat' dir='ltr'>possessionem</span> <span class='ocrx_word' id='word_1_153' title='bbox 1028 3046 1067 3120; x_wconf 95' lang='lat' dir='ltr'>in</span> <span class='ocrx_word' id='word_1_154' title='bbox 1094 3045 1314 3122; x_wconf 90' lang='lat' dir='ltr'>hodiernum</span> <span class='ocrx_word' id='word_1_155' title='bbox 1342 3045 1441 3122; x_wconf 90' lang='lat' dir='ltr'>diem</span> <span class='ocrx_word' id='word_1_156' title='bbox 1468 3044 1530 3119; x_wconf 93' lang='lat' dir='ltr'>do-</span> 
     </span>
     <span class='ocr_line' id='line_1_22' title="bbox 413 3170 1530 3250; baseline -0.005 0"><span class='ocrx_word' id='word_1_157' title='bbox 413 3174 584 3250; x_wconf 89' lang='lat' dir='ltr'>nauimus</span> <span class='ocrx_word' id='word_1_158' title='bbox 603 3179 639 3246; x_wconf 91' lang='lat' dir='ltr'>et</span> <span class='ocrx_word' id='word_1_159' title='bbox 658 3172 930 3247; x_wconf 87' lang='lat' dir='ltr'>contulhmus“.</span> <span class='ocrx_word' id='word_1_160' title='bbox 950 3172 1001 3247; x_wconf 89' lang='lat' dir='ltr'>Et</span> <span class='ocrx_word' id='word_1_161' title='bbox 1010 3173 1140 3248; x_wconf 90' lang='lat' dir='ltr'>ultimo</span> <span class='ocrx_word' id='word_1_162' title='bbox 1157 3179 1341 3249; x_wconf 87' lang='lat' dir='ltr'>mercator</span> <span class='ocrx_word' id='word_1_163' title='bbox 1359 3170 1530 3248; x_wconf 87' lang='lat' dir='ltr'>contullit</span> 
     </span>
     <span class='ocr_line' id='line_1_23' title="bbox 416 3293 1525 3398; baseline -0.005 -22"><span class='ocrx_word' id='word_1_164' title='bbox 416 3301 463 3376; x_wconf 89' lang='lat' dir='ltr'>ad</span> <span class='ocrx_word' id='word_1_165' title='bbox 490 3321 621 3374; x_wconf 87' lang='lat' dir='ltr'>manus</span> <span class='ocrx_word' id='word_1_166' title='bbox 658 3295 761 3372; x_wconf 82' lang='lat' dir='ltr'>Char</span> <span class='ocrx_word' id='word_1_167' title='bbox 797 3297 934 3372; x_wconf 79' lang='lat' dir='ltr'>lowen</span> <span class='ocrx_word' id='word_1_168' title='bbox 969 3297 1111 3373; x_wconf 88' lang='lat' dir='ltr'>bullam</span> <span class='ocrx_word' id='word_1_169' title='bbox 1141 3299 1266 3395; x_wconf 84' lang='lat' dir='ltr'>sigilis</span> <span class='ocrx_word' id='word_1_170' title='bbox 1293 3297 1452 3398; x_wconf 84' lang='lat' dir='ltr'>pendan.</span> <span class='ocrx_word' id='word_1_171' title='bbox 1472 3293 1525 3394; x_wconf 59' lang='lat'>⁴⁶1</span> 
     </span>
     <span class='ocr_line' id='line_1_24' title="bbox 416 3421 1531 3526; baseline -0.006 -25"><span class='ocrx_word' id='word_1_172' title='bbox 416 3427 576 3502; x_wconf 88' lang='lat' dir='ltr'>liliorum</span> <span class='ocrx_word' id='word_1_173' title='bbox 594 3447 743 3500; x_wconf 89' lang='lat' dir='ltr'>suorum</span> <span class='ocrx_word' id='word_1_174' title='bbox 762 3431 799 3497; x_wconf 91' lang='lat' dir='ltr'>et</span> <span class='ocrx_word' id='word_1_175' title='bbox 817 3423 980 3500; x_wconf 90' lang='lat' dir='ltr'>filiarum</span> <span class='ocrx_word' id='word_1_176' title='bbox 999 3447 1148 3501; x_wconf 92' lang='lat' dir='ltr'>suarum</span> <span class='ocrx_word' id='word_1_177' title='bbox 1170 3425 1211 3500; x_wconf 89' lang='lat' dir='ltr'>in</span> <span class='ocrx_word' id='word_1_178' title='bbox 1228 3431 1461 3526; x_wconf 87' lang='lat' dir='ltr'>perpetuum.</span> <span class='ocrx_word' id='word_1_179' title='bbox 1482 3421 1531 3497; x_wconf 87' lang='lat' dir='ltr'>Et</span> 
     </span>
     <span class='ocr_line' id='line_1_25' title="bbox 417 3549 1531 3650; baseline -0.007 -22"><span class='ocrx_word' id='word_1_180' title='bbox 417 3553 616 3628; x_wconf 91' lang='lat' dir='ltr'>Martinum</span> <span class='ocrx_word' id='word_1_181' title='bbox 636 3551 752 3625; x_wconf 89' lang='lat' dir='ltr'>Bctus</span> <span class='ocrx_word' id='word_1_182' title='bbox 772 3560 1104 3627; x_wconf 89' lang='lat' dir='ltr'>remunerauerunt</span> <span class='ocrx_word' id='word_1_183' title='bbox 1122 3551 1231 3628; x_wconf 89' lang='lat' dir='ltr'>valde</span> <span class='ocrx_word' id='word_1_184' title='bbox 1258 3559 1296 3626; x_wconf 90' lang='lat' dir='ltr'>et</span> <span class='ocrx_word' id='word_1_185' title='bbox 1313 3573 1381 3650; x_wconf 90' lang='lat' dir='ltr'>pro</span> <span class='ocrx_word' id='word_1_186' title='bbox 1401 3549 1531 3624; x_wconf 88' lang='lat' dir='ltr'>Bakitt</span> 
     </span>
     <span class='ocr_line' id='line_1_26' title="bbox 416 3677 1529 3774; baseline -0.007 -18"><span class='ocrx_word' id='word_1_187' title='bbox 416 3679 617 3757; x_wconf 89' lang='lat' dir='ltr'>destinauit</span> <span class='ocrx_word' id='word_1_188' title='bbox 654 3677 782 3752; x_wconf 89' lang='lat' dir='ltr'>decem</span> <span class='ocrx_word' id='word_1_189' title='bbox 813 3685 1013 3774; x_wconf 77' lang='lat' dir='ltr'>petriaaice</span> <span class='ocrx_word' id='word_1_190' title='bbox 1042 3685 1079 3754; x_wconf 91' lang='lat' dir='ltr'>et</span> <span class='ocrx_word' id='word_1_191' title='bbox 1107 3681 1326 3770; x_wconf 74' lang='lat' dir='ltr'>calculat-at,</span> <span class='ocrx_word' id='word_1_192' title='bbox 1353 3683 1529 3774; x_wconf 84' lang='lat' dir='ltr'>tauquam</span> 
     </span>
     <span class='ocr_line' id='line_1_27' title="bbox 418 3809 682 3884; baseline -0.011 -2"><span class='ocrx_word' id='word_1_193' title='bbox 418 3809 525 3884; x_wconf 82' lang='lat' dir='ltr'>fratri</span> <span class='ocrx_word' id='word_1_194' title='bbox 543 3812 682 3882; x_wconf 91' lang='lat' dir='ltr'>nostro.</span> 
     </span>
    </p>

    <p class='ocr_par' dir='ltr' id='par_1_5' title="bbox 419 3925 1532 4406">
     <span class='ocr_line' id='line_1_28' title="bbox 524 3925 1528 4026; baseline -0.01 -18"><span class='ocrx_word' id='word_1_195' title='bbox 524 3934 575 4008; x_wconf 89' lang='lat' dir='ltr'>Et</span> <span class='ocrx_word' id='word_1_196' title='bbox 601 3951 774 4006; x_wconf 88' lang='lat' dir='ltr'>reuersus</span> <span class='ocrx_word' id='word_1_197' title='bbox 809 3934 891 4003; x_wconf 90' lang='lat' dir='ltr'>erat</span> <span class='ocrx_word' id='word_1_198' title='bbox 927 3929 1000 4002; x_wconf 90' lang='lat' dir='ltr'>cito</span> <span class='ocrx_word' id='word_1_199' title='bbox 1036 3935 1237 4005; x_wconf 86' lang='lat' dir='ltr'>retrorsum</span> <span class='ocrx_word' id='word_1_200' title='bbox 1265 3927 1313 4002; x_wconf 89' lang='lat' dir='ltr'>ad</span> <span class='ocrx_word' id='word_1_201' title='bbox 1341 3925 1528 4026; x_wconf 80' lang='lat' dir='ltr'>Quinqua-</span> 
     </span>
     <span class='ocr_line' id='line_1_29' title="bbox 420 4053 1529 4152; baseline -0.006 -16"><span class='ocrx_word' id='word_1_202' title='bbox 420 4061 613 4136; x_wconf 81' lang='lat' dir='ltr'>Ecclesiae</span> <span class='ocrx_word' id='word_1_203' title='bbox 632 4063 669 4132; x_wconf 93' lang='lat' dir='ltr'>et</span> <span class='ocrx_word' id='word_1_204' title='bbox 687 4055 833 4132; x_wconf 87' lang='lat' dir='ltr'>dicebat</span> <span class='ocrx_word' id='word_1_205' title='bbox 858 4083 866 4128; x_wconf 94' lang='lat'><strong>:</strong></span> <span class='ocrx_word' id='word_1_206' title='bbox 891 4055 1001 4152; x_wconf 85' lang='lat' dir='ltr'>„Jam</span> <span class='ocrx_word' id='word_1_207' title='bbox 1020 4062 1147 4134; x_wconf 87' lang='lat' dir='ltr'>vestra</span> <span class='ocrx_word' id='word_1_208' title='bbox 1179 4053 1462 4150; x_wconf 86' lang='lat' dir='ltr'>magnificencia</span> <span class='ocrx_word' id='word_1_209' title='bbox 1485 4079 1529 4130; x_wconf 91' lang='lat' dir='ltr'>ne</span> 
     </span>
     <span class='ocr_line' id='line_1_30' title="bbox 420 4181 1532 4280; baseline -0.007 -17"><span class='ocrx_word' id='word_1_210' title='bbox 420 4185 594 4274; x_wconf 64' lang='lat' dir='ltr'>taceare)</span> <span class='ocrx_word' id='word_1_211' title='bbox 615 4183 779 4280; x_wconf 90' lang='lat' dir='ltr'>amplius</span> <span class='ocrx_word' id='word_1_212' title='bbox 799 4183 1041 4259; x_wconf 89' lang='lat' dir='ltr'>Valentinum</span> <span class='ocrx_word' id='word_1_213' title='bbox 1060 4182 1250 4277; x_wconf 79' lang='lat' dir='ltr'>Turnum,</span> <span class='ocrx_word' id='word_1_214' title='bbox 1270 4181 1357 4278; x_wconf 86' lang='lat' dir='ltr'>quia</span> <span class='ocrx_word' id='word_1_215' title='bbox 1380 4183 1458 4279; x_wconf 89' lang='lat' dir='ltr'>jum</span> <span class='ocrx_word' id='word_1_216' title='bbox 1477 4189 1532 4257; x_wconf 89' lang='lat' dir='ltr'>est</span> 
     </span>
     <span class='ocr_line' id='line_1_31' title="bbox 419 4307 1529 4406; baseline -0.006 -17"><span class='ocrx_word' id='word_1_217' title='bbox 419 4313 569 4390; x_wconf 89' lang='lat' dir='ltr'>insimul</span> <span class='ocrx_word' id='word_1_218' title='bbox 596 4309 799 4386; x_wconf 89' lang='lat' dir='ltr'>seruitores</span> <span class='ocrx_word' id='word_1_219' title='bbox 835 4307 932 4406; x_wconf 87' lang='lat' dir='ltr'>Regi</span> <span class='ocrx_word' id='word_1_220' title='bbox 962 4307 1211 4403; x_wconf 77' lang='lat' dir='ltr'>Fordinandi3</span> <span class='ocrx_word' id='word_1_221' title='bbox 1240 4316 1277 4384; x_wconf 92' lang='lat' dir='ltr'>et</span> <span class='ocrx_word' id='word_1_222' title='bbox 1304 4309 1398 4384; x_wconf 86' lang='lat' dir='ltr'>dixit</span> <span class='ocrx_word' id='word_1_223' title='bbox 1425 4309 1529 4404; x_wconf 86' lang='lat' dir='ltr'>niger</span> 
     </span>
    </p>
   </div>
   <div class='ocr_carea' id='block_1_5' title="bbox 455 4626 1232 4702">
    <p class='ocr_par' dir='ltr' id='par_1_6' title="bbox 455 4626 1232 4702">
     <span class='ocr_line' id='line_1_32' title="bbox 455 4626 1232 4702; baseline -0.008 -14"><span class='ocrx_word' id='word_1_224' title='bbox 455 4635 488 4702; x_wconf 53' lang='grc' dir='ltr'>1ὓ)</span> <span class='ocrx_word' id='word_1_225' title='bbox 510 4631 572 4688; x_wconf 78' lang='lat' dir='ltr'>bida</span> <span class='ocrx_word' id='word_1_226' title='bbox 585 4630 638 4686; x_wconf 76' lang='lat' dir='ltr'>luda</span> <span class='ocrx_word' id='word_1_227' title='bbox 653 4629 766 4700; x_wconf 83' lang='lat' dir='ltr'>javitva</span> <span class='ocrx_word' id='word_1_228' title='bbox 785 4627 949 4696; x_wconf 59' lang='lat' dir='ltr'>„deorsum</span> <span class='ocrx_word' id='word_1_229' title='bbox 969 4627 1079 4684; x_wconf 86' lang='lat' dir='ltr'>Budam</span> <span class='ocrx_word' id='word_1_230' title='bbox 1098 4626 1232 4683; x_wconf 84' lang='lat' dir='ltr'>scilicet.“</span> 
     </span>
    </p>
   </div>
   <div class='ocr_carea' id='block_1_6' title="bbox 0 0 1631 5220">
    <p class='ocr_par' dir='ltr' id='par_1_7' title="bbox 0 0 1631 5220">
     <span class='ocr_line' id='line_1_33' title="bbox 0 0 1631 5220; baseline 0 0"><span class='ocrx_word' id='word_1_231' title='bbox 0 0 1631 5220; x_wconf 95' lang='lat' dir='ltr'> </span> 
     </span>
    </p>
   </div>
  </div>
 </body>
</html>
