3238 5228
1163 527 1241 606 261

45 463 49 804 ι

149 724 330 819 „'Qnum
298 750 331 802 sn
360 725 550 819 abdiderit,
570 730 608 800 et
626 724 675 800 ad
701 731 739 800 te
767 724 911 800 miserit
937 727 1105 822 legatum
1134 749 1241 804 suum

142 847 277 953 (Cesar)
295 861 337 927 vt
355 851 391 927 ei
409 874 534 927 aream
553 851 684 946 dares,
705 850 753 925 da
781 850 852 926 ei.“
884 851 1054 930 Nadasdi
1082 857 1242 931 vooabat

142 975 270 1073 Regem
288 977 315 1055 J
317 1000 473 1053 oannem
493 977 542 1052 ad
560 999 685 1053 aream
705 976 813 1053 Bada
831 999 914 1052 oum
931 985 1044 1074 gente
1054 978 1239 1076 Hungara

142 1103 181 1178 ad
197 1103 456 1203 ououpandnm.
475 1104 609 1180 Noluit
627 1103 710 1178 Rex
730 1109 859 1180 oonba
887 1103 1065 1182 Cesaram
1094 1106 1237 1184 Turna-

141 1253 208 1307 rom
232 1231 313 1309 sine
331 1233 426 1309 seim
454 1233 533 1328 sui3
562 1233 650 1329 quia
678 1255 763 1308 mox
790 1233 926 1309 fuisset
953 1232 1073 1310 Cesar
1102 1234 1235 1311 dubins

138 1381 218 1454 erga
236 1358 422 1436 Joannem
441 1359 596 1456 Regem.
618 1357 791 1435 Secunda
809 1383 925 1436 nausa
944 1360 1015 1436 heo
1033 1368 1126 1455 erat,
1139 1361 1236 1459 quod

138 1467 207 1560 non
217 1487 423 1564 intrauerat
432 1487 480 1562 ad
490 1487 656 1582 Budam3
677 1487 766 1585 quia
779 1489 859 1585 jam
869 1488 953 1565 Rex
971 1511 1045 1565 uon
1064 1488 1239 1566 credebat

136 1611 183 1687 eis
203 1613 382 1712 plenarie,
412 1613 651 1710 quamobrem
679 1614 921 1710 cognouisset
948 1638 1013 1691 eos
1040 1615 1236 1692 instabiles

135 1733 214 1813 iore.
233 1737 396 1815 Intrabit
413 1739 582 1815 Thomas
600 1739 760 1816 Nadasti
779 1740 828 1816 ad
847 1763 971 1816 areem
991 1740 1108 1816 Buda.

228 1865 279 1941 Et
295 1866 446 1963 ingenia
465 1863 621 1942 Cosanis
640 1873 721 1942 erat
739 1888 852 1965 super
880 1887 1016 1964 aquam
1043 1865 1110 1941 flui
1137 1865 1235 1942 Ister

134 2013 190 2086 per
208 1991 375 2086 aerinas,
396 1998 434 2066 et
450 1992 671 2068 festinanter
690 1993 893 2069 veniebant
911 1995 981 2069 snb
1001 1992 1144 2069 Budam
1169 1991 1234 2067 ob·

133 2119 256 2194 sidere.
277 2117 446 2216 Cumque
466 2127 667 2216 venerunt,
688 2121 769 2196 sine
788 2142 892 2196 mora
910 2143 996 2196 mox
1013 2119 1159 2216 erigere
1177 2117 1234 2194 in-

131 2251 293 2344 oeperunt
302 2245 348 2320 de
367 2245 511 2322 ratibus
529 2243 685 2322 Cesaris
702 2245 897 2342 ingenium
916 2269 1092 2342 magnam
1109 2252 1233 2323 extra·

133 2371 212 2448 bere
239 2372 287 2447 ad
313 2372 461 2471 rippam
489 2373 535 2446 de
572 2373 785 2448 Danubium
821 2373 927 2450 iuxta
963 2373 1098 2449 vadum
1135 2395 1232 2471 pone

27 2577 28 2590 Ν
134 2504 272 2576 coeundo.
302 2500 354 2575 Et
387 2499 561 2576 dicebant
589 2501 734 2577 Turdi:
768 2500 959 2599 „Quilibet
977 2500 1161 2618 custodiat
1178 2522 1232 2592 se,

133 2627 209 2722 quia
226 2631 350 2705 statim
369 2631 485 2705 laniet
510 2638 610 2706 terre
639 2638 822 2726 motuum,
854 2630 952 2728 qnod
979 2630 1044 2705 vix
1071 2625 1232 2728 potestis

133 2769 231 2852 super
247 2757 404 2855 pedibus
422 2758 560 2835 vestris
579 2758 989 2858 staresuperterram.“
1014 2757 1064 2832 Et
1074 2755 1231 2854 quilibet

134 2889 284 2960 nostmm
318 2885 501 2962 absconso
520 2886 603 2962 looo
633 2885 831 2982 detegebat
858 2907 911 2960 se.
941 2884 993 2958 Et
1019 2883 1075 2960 sio
1102 2889 1230 2958 assata

133 3016 211 3102 erat,
230 3005 286 3112 tal
311 3017 349 3086 et
366 3011 498 3088 turrim
517 3015 716 3088 latmoaoor
734 3010 888 3086 dederat
906 3031 1035 3087 oasum
1054 3030 1227 3105 magnum

132 3131 294 3212 foramen.
315 3137 367 3212 Et
385 3135 606 3213 secundario
625 3135 779 3212 dederat
797 3159 923 3212 casum
942 3159 1012 3214 arx
1032 3134 1228 3228 Budensis3

133 3261 271 3338 tercium
308 3287 383 3339 non
411 3263 531 3339 noluit
557 3262 726 3340 Thomas
754 3262 911 3338 Nadasd
938 3269 1130 3361 spectare,
1160 3261 1227 3338 sed

134 3389 288 3482 promisit
323 3389 413 3466 dare
450 3412 574 3465 aream
603 3389 814 3466 Budensem
842 3387 976 3466 Oesari
1004 3389 1225 3466 Turoarum.

133 3511 281 3593 Volebat
298 3518 404 3617 prius
433 3517 592 3594 libenter
617 3517 707 3595 dare
734 3515 871 3593 Joanni
900 3516 1018 3611 Regi,
1048 3515 1114 3591 sed
1143 3513 1227 3590 Rex

130 3641 244 3738 noluit,
264 3643 446 3741 quiajam
465 3667 489 3717 a
507 3641 648 3720 Cesare
668 3641 875 3718 Turoamm
895 3642 1091 3739 speetabat
1108 3663 1225 3716 reme-

129 3761 234 3864 dium;
254 3769 393 3866 quiesi
413 3769 582 3846 loannes
601 3769 684 3845 Rex
704 3767 913 3866 aooepisset
930 3767 1034 3866 prius
1054 3766 1100 3842 de
1119 3765 1222 3844 Tho·

130 3911 179 3966 na
197 3895 374 3990 Nadaati,
394 3917 478 3971 mox
496 3895 630 3972 luisset
648 3893 768 3972 Cesar
795 3892 901 3971 delus
928 3915 1005 3969 aew
1033 3891 1224 3986 domama,

128 4017 563 4098 atJoannesRexluisset
580 4021 669 4096 ilieo
689 4017 1006 4096 eontraOosarem
1017 4019 1224 4098 Turearum

128 4153 316 4243 suspectus.
354 4144 441 4222 Non
478 4152 535 4223 est
561 4151 638 4222 tam
666 4145 898 4222 effeminatus
927 4147 1024 4222 siout
1051 4143 1223 4244 Huugari

129 4265 231 4347 Cesar
249 4271 469 4350 Tartarum.

219 4399 298 4474 Et
287 4423 327 4474 ιιι
345 4399 633 4476 Kelewenfelde
651 4397 686 4502 ⁴¹)
713 4407 837 4478 eastra
855 4407 1014 4478 metatus
1041 4405 1123 4474 erat
1149 4396 1221 4476 Oe-

129 4541 180 4594 sar
199 4523 415 4603 Turoarnm.
436 4523 558 4617 Quum
579 4525 763 4618 audisset,
780 4527 860 4623 jam
888 4530 989 4602 esset
1015 4529 1127 4622 napta
1152 4545 1221 4624 por

136 4721 434 4740 *Qum—u...-

158 4803 175 4870 ἰ
187 4804 321 4865 Budinalr
334 4825 352 4864 a
364 4824 403 4862 sa.
419 4806 607 4883 Gelldrthegy
619 4810 703 4866 alatti
723 4808 813 4866 rdsaa‘

27 5159 189 5169 —.-·—.—.
