3226 5220
397 455 478 538 226

399 657 554 736 facere?
574 657 664 735 Dixi
682 681 754 754 ego
772 659 845 736 sibi
866 685 874 733 :
900 659 1081 754 „Nescio‚
1112 681 1183 734 uon
1210 659 1379 755 intelligo
1398 657 1520 734 dorni-

399 787 568 864 nacionis
604 792 729 863 vestre
767 786 1014 862 intencionem
1051 787 1257 866 voluntatis
1293 786 1518 884 paternitati

402 913 561 992 vostre.“
594 907 695 1014 cc.'v..
726 913 835 988 Dixit
864 942 873 988 ε
915 913 1025 1011 „Non
1052 913 1163 990 video
1189 937 1249 990 me
1277 913 1400 1013 ipsum
1428 919 1524 1012 aput

399 1041 541 1138 Regem
558 1039 858 1116 beniuclcnciam
878 1063 985 1118 suam
1004 1063 1096 1138 erga
1115 1065 1185 1137 me,
1206 1039 1520 1118 sedvoloreitare

399 1169 451 1246 ad
474 1168 676 1244 claustrum
713 1167 915 1245 residere.“
936 1169 1038 1265 Rgo
1067 1168 1145 1244 dixi
1172 1169 1246 1246 sibi
1275 1192 1284 1242 ε·
1327 1166 1452 1265 „Quid
1479 1177 1518 1242 tn

401 1293 528 1394 queris
546 1293 587 1368 in
605 1291 799 1368 claustro?
819 1294 921 1370 Bene
941 1295 1013 1371 scit
1034 1297 1114 1392 jam
1142 1303 1270 1372 vestra
1294 1295 1519 1394 paternitas,

312 1515 318 1526 Ι
395 1421 496 1521 'quod
511 1423 589 1520 Jam
609 1421 774 1496 claustra
792 1429 878 1498 sunt
897 1423 1013 1498 multa
1031 1422 1201 1499 desolata
1219 1445 1288 1521 per
1305 1423 1518 1498 'l'urcarum

399 1547 599 1643 Oesarcm3
629 1547 726 1623 scire
755 1546 931 1623 videlicet
949 1549 988 1624 in
1007 1546 1129 1626 Oabol
1147 1550 1350 1625 claustram
1368 1547 1517 1624 desola-

396 1683 476 1749 tam
493 1672 682 1770 reperies3
702 1671 853 1769 Futagh
873 1675 911 1749 in
930 1673 1053 1773 opido,
1074 1675 1113 1751 in
1123 1675 1234 1774 opido
1254 1675 1517 1767 Bamonostra‚

402 1801 440 1874 in
459 1798 571 1897 opido
600 1797 766 1899 Wylak‚
785 1800 825 1875 in
846 1801 956 1899 opido
985 1801 1103 1903 Attya
1121 1803 1215 1878 etin
1234 1803 1392 1880 circuitu
1410 1801 1517 1876 Bnde

401 1923 566 2002 claustra
585 1925 702 2001 multa
720 1925 888 2004 desolate
907 1928 1050 2025 sedent,
1071 1937 1109 2004 et
1127 1929 1419 2026 sicdcsingulis.
1443 1927 1517 2004 Sed

400 2055 432 2130 si
451 2059 559 2151 potes
578 2053 720 2129 seruire
738 2052 900 2130 fideliter
918 2053 1041 2151 Regni
1059 2053 1258 2152 Hnngcric
1275 2063 1314 2130 et
1332 2054 1430 2150 Regi
1450 2055 1476 2132 J
1479 2079 1516 2129 o-

399 2180 487 2256 anni
514 2179 628 2257 debes
655 2179 834 2256 servirc.“
867 2181 918 2256 Et
944 2181 1015 2258 hec
1043 2189 1125 2258 erat
1151 2183 1190 2258 in
1217 2204 1344 2259 mense
1363 2179 1460 2280 Maij
1479 2181 1515 2253 in

399 2309 458 2384 die
477 2305 504 2385 J
505 2305 636 2382 cannis
654 2314 740 2381 ante
759 2313 905 2404 portam
924 2306 1099 2383 Latinam
1118 2308 1168 2384 id.
1184 2305 1298 2384 1528.

504 2432 556 2507 Et
578 2431 660 2510 Rex
689 2431 785 2508 vidit
812 2432 976 2530 seipsum
1004 2433 1115 2510 ualde
1142 2433 1397 2533 oprimentem.
1427 2429 1514 2508 Cito

398 2559 514 2656 elegit
530 2580 643 2634 vnum
662 2557 843 2636 Polcnum
861 2559 1021 2638 nobilem
1040 2581 1172 2638 uersus
1199 2561 1247 2636 ad
1276 2559 1416 2635 Ducem
1447 2556 1513 2633 Sa·

399 2687 519 2782 xonie,
538 2685 657 2783 vt„si
674 2685 825 2784 potesth
854 2685 982 2762 venire
1010 2687 1137 2764 veniat
1164 2685 1212 2762 ad
1238 2685 1415 2762 auxilium
1439 2683 1514 2757 ⁴mei

399 2834 508 2910 quarn
526 2811 731 2911 peroptime
758 2833 840 2888 cum
867 2811 1048 2889 bellicosa
1075 2812 1182 2888 arthe
1209 2819 1274 2888 tua
1301 2812 1449 2906 veniat,
1479 2819 1515 2882 et

400 2935 497 3037 qnod
510 2939 650 3035 justum
670 2937 742 3014 erit
759 2937 1044 3015 mensionariam
1063 2939 1145 3015 dem
1164 2939 1230 3015 tibi
1251 2947 1289 3014 ct
1306 2937 1514 3035 persolnam

396 3063 526 3142 bene.“
548 3061 665 3139 Istam
683 3063 907 3140 relacionem
926 3065 1061 3142 nobilis
1080 3066 1243 3142 Polonus
1261 3086 1411 3140 sumens
1429 3083 1510 3138 cum

403 3196 592 3289 resumpto
612 3189 736 3264 animo
756 3189 870 3268 cicius
889 3193 1050 3268 cucurrit
1069 3213 1201 3268 versus
1220 3190 1267 3267 ad
1286 3191 1429 3266 Ducem
1448 3189 1514 3264 Sa-

398 3317 521 3412 ronie,
542 3315 629 3414 quia
664 3317 830 3394 latrones
866 3326 1094 3396 scrutatores
1131 3317 1357 3394 Fcrdinandi
1385 3318 1512 3392 crebre

398 3443 569 3521 sciebant
587 3441 785 3520 incendere
803 3465 869 3542 per
887 3443 1010 3540 ignem
1029 3443 1216 3520 ciuitatem
1235 3445 1432 3520 Tarnowo.

504 3569 556 3645 Et
573 3569 741 3648 Jacobus
760 3569 901 3669 Tornaj
921 3571 1085 3648 intentus
1103 3579 1184 3649 crat
1202 3591 1333 3648 versus
1351 3569 1512 3647 Ohezta·

399 3693 542 3798 trorum)
560 3695 749 3794 indulgen.
769 3719 997 3795 consequere
1019 3697 1068 3774 ad
1094 3697 1292 3795 imaginem
1320 3697 1364 3773 B.
1393 3695 1512 3772 Marie

370 3825 373 3832 ’
397 3821 505 3918 Virg.
517 3829 555 3897 et
572 3843 653 3897 curn
673 3845 717 3900 eo
735 3822 841 3900 multi
855 3825 1017 3921 juuencs
1035 3823 1232 3901 curiarum.
1253 3826 1428 3898 Attamen
1433 3823 1511 3919 jan

397 3969 467 4044 ego
484 3969 656 4026 reuersus
675 3971 777 4025 eram
795 3949 840 4024 de
859 3949 1168 4046 indulgentiarum
1187 3947 1458 4040 Ohestakcvro,
1478 3957 1513 4021 et

396 4095 466 4171 ego
484 4075 652 4176 inprimis
669 4076 707 4152 in
725 4075 918 4154 itineribus
936 4077 1029 4154 meis
1057 4077 1269 4154 audiueram
1297 4075 1343 4152 de
1370 4074 1512 4175 parokc

395 4221 468 4278 rno
486 4201 525 4276 in
544 4199 671 4300 Sarki,
692 4203 869 4301 quomodo
888 4202 957 4278 suit
976 4203 1061 4280 Rex
1081 4201 1289 4281 Ludcuicus
1307 4202 1429 4279 obitus
1447 4225 1512 4300 per

396 4349 527 4406 manus
538 4327 694 4426 Georgii
714 4329 952 4429 Zepusicnsis
970 4329 1065 4406 sicut
1082 4329 1257 4429 scriptum
1276 4335 1381 4406 estut
1389 4347 1512 4426 supra.

395 4455 558 4534 Jacobus
576 4457 754 4555 equitauit
773 4457 953 4554 Thornaj‚
974 4464 1012 4530 et
1029 4479 1087 4532 me
1106 4463 1314 4552 regenerat,
1336 4461 1375 4528 vt
1393 4454 1511 4552 ipsum

432 4747 452 4808 ³)
473 4743 553 4800 Azan
573 4744 763 4811 Caenrtocbd,
786 4741 862 4798 hirec
882 4739 1040 4813 buccuhely
1060 4741 1362 4815 Lengyelorsztgban.
