3260 5226
398 487 480 570 404

400 691 549 766 fuerunt
576 687 735 788 epistole
753 710 821 787 per
838 709 1078 788 precursores
1096 686 1217 786 Regic
1237 687 1383 790 Majest

402 815 645 910 Bohemiam,
676 821 714 891 et
741 813 790 890 ad
817 813 1060 892 Germaniam
1086 837 1134 890 ex
1161 814 1364 913 Reginalis
1396 828 1420 890 r·

400 950 497 1021 state
515 941 658 1038 Maris,
688 948 726 1017 et
750 941 797 1018 ad
816 943 913 1020 alias
930 941 1145 1043 provincias
1164 941 1286 1041 Regni
1305 941 1430 1041 Hung.

400 1070 686 1170 torpuerimus,
707 1077 890 1147 venerunt
908 1069 1034 1146 decem
1049 1069 1328 1149 miliaviromm
1347 1093 1456 1169 excep

400 1195 604 1295 Hunguris.
633 1196 737 1275 Inter
763 1177 844 1274 hec'
860 1206 942 1274 erat
963 1221 1060 1276 unus
1077 1197 1283 1296 Hungarus
1301 1197 1481 1294 muologt

341 1317 346 1329 '
399 1325 547 1401 nomine
575 1323 779 1420 Melchior,
808 1323 871 1421 qui
899 1325 1044 1424 Papam
1071 1325 1189 1404 lertm
1217 1325 1357 1402 dixisse
1376 1345 1501 1400 conus·

398 1451 536 1548 luisse,
556 1457 594 1526 et
611 1451 650 1526 in
669 1457 774 1528 carta
798 1473 867 1528 sua
885 1451 1094 1550 practicare
1122 1453 1266 1528 lecerat
1282 1450 1511 1528 natiuitatem

399 1600 526 1673 suam,
556 1586 597 1653 vt
624 1601 671 1652 ne
699 1577 822 1654 abiret
848 1578 896 1653 ad
913 1579 1074 1675 bellum3
1103 1579 1191 1677 quia
1209 1579 1264 1656 ibi
1282 1579 1512 1676 relinquetur

399 1703 507 1802 quasi
534 1703 572 1778 in
599 1726 674 1780 vna
700 1706 806 1780 botta
829 1707 939 1804 juxta
965 1703 1167 1804 palladem.
1206 1703 1337 1782 Allata
1365 1704 1510 1803 quidem

399 1838 480 1908 erat
497 1837 601 1906 carta
629 1829 675 1904 de
693 1851 807 1906 manu
834 1832 1109 1930 precurssoris;
1137 1829 1204 1908 sed
1223 1855 1247 1906 a
1265 1828 1370 1928 Rege
1389 1830 1509 1908 Lodo-

397 1959 481 2034 uico
500 1957 782 2054 abditauerunt,
807 1957 1007 2036 adscitum
1026 1959 1144 2058 ipsius
1162 1960 1411 2056 neglexerunt
1427 1981 1508 2058 per·

398 2075 545 2182 legere,
575 2090 616 2158 vt
633 2084 737 2161 bella
760 2106 830 2162 sua
847 2106 894 2159 ne
913 2084 954 2159 in
971 2084 1235 2183 desponsione
1262 2093 1507 2162 remanerent.
1617 2069 1618 2072 Ὺ

399 2213 450 2288 Et
467 2211 596 2288 eodem
613 2219 779 2311 tempore
807 2221 889 2288 erat
916 2213 1035 2290 eciam
1062 2205 1160 2292 unus
1188 2213 1404 2310 astrologus
1421 2219 1507 2312 aput

399 2339 582 2436 Reginam
610 2339 771 2418 Mariam
800 2342 950 2434 nomine
978 2342 1147 2420 Joannes
1175 2341 1395 2440 Borguirius
1421 2339 1507 2418 Ale·

377 2445 550 2564 'manus‚
577 2469 801 2566 practicauit
828 2468 900 2546 sibi
927 2467 1057 2546 horam
1084 2471 1241 2565 bonam,
1260 2469 1300 2544 in
1317 2490 1393 2568 qua
1410 2491 1452 2546 se
1469 2489 1508 2544 se

398 2602 563 2674 moueret
581 2594 629 2670 ad
647 2596 804 2692 bellum,
829 2603 872 2672 vt
889 2596 929 2672 in
947 2596 1006 2673 die
1024 2595 1205 2674 Laurenti
1222 2595 1398 2694 martiris,
1418 2594 1510 2694 quod

397 2723 511 2800 estin
530 2730 638 2799 sexta
665 2721 763 2799 feria
788 2731 875 2822 post
903 2723 1095 2800 meridiem
1121 2722 1160 2800 iu
1184 2721 1306 2822 prima
1322 2721 1423 2798 hora
1437 2721 1509 2800 Ve-

397 2870 477 2926 nus.
509 2847 604 2926 Ilico
626 2849 743 2925 mouit
761 2873 802 2926 se
821 2849 903 2928 Rex
932 2847 1145 2927 Lodouicus
1163 2872 1245 2926 eum
1263 2857 1374 2948 gente
1392 2847 1511 2950 predi·

397 2983 477 3070 cta,
507 2982 544 3050 et
571 2973 720 3072 Regina
744 2973 868 3054 Maria
895 2975 935 3052 iu
958 2999 1045 3053 arce
1064 2975 1172 3052 Buda
1199 2977 1333 3054 relicta
1351 2982 1445 3052 crat
1464 2973 1512 3048 Et

397 3101 480 3177 Rex
498 3099 713 3180 Lodouicus
739 3111 865 3181 castra
891 3110 1053 3182 memtus
1081 3111 1163 3182 erat
1185 3105 1296 3203 juxta
1323 3101 1511 3178 ciuitatem

397 3227 625 3306 'I'olnensem
643 3229 806 3307 secundo
825 3230 885 3306 die
905 3253 1059 3328 egressu
1079 3252 1147 3308 suo
1166 3230 1211 3306 de
1231 3229 1353 3327 Buda,
1373 3236 1511 3307 etcum

396 3376 442 3431 eo
461 3361 634 3453 quattuor
662 3355 871 3456 capellani,
901 3365 938 3432 et
966 3356 1118 3454 quintus
1145 3353 1358 3433 Anthemius
1385 3353 1513 3430 doctor

397 3503 505 3559 sacre
530 3481 722 3578 theologie
749 3483 963 3581 professus,
992 3505 1038 3558 ac
1056 3480 1176 3580 ipsius
1195 3479 1315 3578 Regis
1331 3478 1513 3556 Lodouici

396 3607 571 3704 egregius
587 3607 821 3707 predicator;
845 3613 883 3682 et
899 3606 1052 3706 insuper
1070 3603 1338 3704 Hungarorum
1356 3605 1512 3710 optima-

394 3740 470 3830 tes,
498 3733 563 3832 qui
590 3733 798 3811 sancientes
827 3731 970 3828 Regem
989 3731 1070 3808 lore
1083 3734 1163 3830 jam
1181 3738 1328 3810 castore
1347 3754 1416 3810 suo
1435 3733 1512 3808 exi·

396 3865 567 3958 stentem,
587 3861 746 3958 quilibet
763 3883 804 3938 se
822 3883 863 3937 se
881 3859 1125 3960 peculiariter
1142 3883 1225 3938 cum
1243 3861 1325 3937 acie
1342 3883 1414 3938 sua
1431 3883 1511 3938 cur·

395 3990 528 4066 rebant
545 3987 660 4065 hilari
680 3985 792 4064 eorde
810 3987 913 4064 eirca
938 3987 1071 4088 ipsum.
1102 3985 1213 4080 Quod
1241 3985 1401 4065 vidisset
1429 3987 1511 4064 Rex

397 4111 609 4194 Lodouicus
627 4121 775 4212 gentem
800 4137 907 4192 suam
935 4111 1146 4214 copiosam,
1175 4115 1308 4192 iterum
1334 4115 1456 4192 creuit
1472 4139 1512 4194 se

397 4242 497 4318 inira
515 4241 707 4342 opidulum
726 4241 872 4338 Batiam,
901 4239 964 4317 vbi
983 4247 1257 4318 sacramentum
1275 4241 1432 4338 sanguis
1448 4265 1511 4321 ve·

397 4368 608 4446 nerabatur.
628 4367 680 4443 Et
696 4367 749 4443 ibi
768 4363 851 4444 Rex
869 4365 1084 4446 Lodouicus
1101 4365 1210 4444 indie
1229 4365 1512 4466 Assumpcionis

399 4493 517 4572 Maris
545 4493 842 4595 predicacionem
870 4501 909 4570 et
935 4493 1089 4573 missam
1107 4493 1270 4590 audiuit,
1300 4501 1338 4570 et
1364 4495 1508 4575 confes·

398 4619 542 4699 sionem
560 4621 715 4720 lecerat,
735 4643 781 4696 ae
798 4620 1224 4720 insupercomunicauit,
1245 4619 1511 4700 etinsermona

399 4745 611 4826 Anthonius
637 4747 765 4826 domoc
791 4749 915 4826 subito
942 4748 1247 4854 prophetauerst.
1283 4745 1329 4824 Iu
1356 4749 1509 4828 exordio
