3260 5226
1113 525 1209 606 '329

110 753 172 806 nus
188 734 435 827 gubernator,
464 735 502 804 et
521 728 659 831 Cybele
679 724 873 804 Emericus
897 725 1006 827 juxta
1026 724 1214 805 ciuitatem

21 831 23 916 ἰ
109 856 236 936 zenan
918 872 929 880 ·

204 983 327 1076 Quum
347 984 512 1062 audisset
541 983 753 1060 Emericum
782 981 924 1082 Cybak
947 985 1057 1079 juxta
1083 983 1215 1060 ciuita-

107 1119 171 1186 tem
190 1111 318 1189 Zeban
343 1112 443 1210 qnod
461 1111 632 1188 dominus
660 1108 779 1186 Gritti
798 1110 837 1186 iu
857 1108 1047 1185 vicinitate
1066 1133 1136 1186 sua
1154 1133 1215 1186 oa·

107 1245 177 1314 stra
203 1245 364 1315 metatus
390 1244 491 1332 erat,
521 1237 692 1314 domiuus
721 1235 860 1337 Oybak
888 1235 990 1312 dedit
1016 1236 1065 1312 ad
1082 1259 1243 1316 manus.

108 1364 201 1442 Petri
218 1365 426 1442 sacerdotis
445 1365 603 1443 Horwat
628 1363 733 1442 illam
748 1366 828 1462 jam
847 1369 989 1440 cratem
1009 1347 1214 1461 predictam

108 1490 148 1566 de
164 1513 255 1568 auro
274 1513 367 1590 puro
385 1493 582 1591 sculptam,
602 1499 640 1566 et
658 1513 739 1566 cum
758 1488 1047 1566 florenisaureis
1064 1491 1214 1588 plenum

107 1616 310 1704 infundam,
350 1625 387 1692 et
422 1640 557 1716 equum
594 1639 707 1692 vnum
742 1619 876 1693 bonnm
914 1615 1126 1693 Turoicnm.
1166 1615 1217 1692 Et

107 1741 234 1822 Petrus
252 1744 429 1822 sacerdos
456 1744 602 1843 accepit
618 1743 658 1819 in
676 1743 855 1820 manibus·
874 1743 952 1820 suis
970 1742 1038 1819 illa
1056 1745 1217 1842 pignora

107 1879 140 1946 et
156 1869 304 1949 domino
322 1873 561 1970 gubernatori
581 1872 648 1948 illa
667 1871 840 1947 contullit
857 1872 902 1948 ei.
920 1871 969 1946 Et
987 1871 1027 1946 in
1046 1871 1217 1948 manibus

107 2021 170 2074 nou
197 1999 363 2097 accepit,
393 1999 461 2076 sed
479 2000 551 2077 sub
568 1998 760 2098 papilione
779 2021 895 2097 supra
913 2022 1078 2076 mensam
1098 1998 1212 2097 depc-

106 2125 367 2220 patefecerat,
387 2133 564 2222 nuquam
584 2147 666 2200 cum
693 2127 823 2202 furore
841 2127 1032 2204 mediocro
1052 2147 1218 2202 assume·

105 2257 157 2325 ret
174 2273 349 2346 munera3
370 2259 534 2328 attamen
564 2253 779 2351 plusquam
808 2253 957 2352 precior
975 2260 1076 2346 erat,
1106 2272 1218 2349 quam

107 2379 338 2474 quintanenta
374 2379 548 2456 florenos.
588 2380 639 2454 Et
666 2380 838 2457 dominus
875 2381 1012 2456 Petrus
1040 2379 1218 2457 sacerdos

106 2504 372 2582 eromaciouem
392 2507 560 2604 pulcrum
579 2507 731 2602 fecerat,
751 2507 790 2583 in
809 2509 1006 2603 legacione
1015 2529 1086 2584 sua
1093 2529 1218 2618 coram

106 2629 405 2726 gubernatorem,
436 2655 481 2706 ao
508 2632 730 2709 oracionem.
760 2632 809 2708 Et
836 2657 923 2710 mox
942 2633 1136 2732 inceperat
1155 2633 1218 2708 do·

108 2757 221 2838 minus
260 2757 375 2836 Gritti
412 2760 582 2856 proicere
619 2759 667 2834 ad
694 2761 829 2836 faciem
858 2761 963 2836 Petri
990 2759 1217 2837 sacerdotis:

111 2881 445 2978 „Quemadmodum
482 2885 634 2962 aliunde
662 2885 894 2963 ascendisset
929 2886 1098 2963 dominns
1133 2893 1219 2964 tuus

108 3007 284 3112 Cybak;“
317 3019 353 3087 et
380 3013 435 3088 sic
462 3013 508 3088 de
525 3013 699 3109 singulis
732 3015 911 3113 scriptum
939 3021 998 3090 est
1025 3022 1217 3113 utsupra,

106 3138 194 3234 quod
221 3161 292 3238 per
318 3139 590 3216 detraccionem
609 3138 830 3217 infamasset
857 3138 995 3240 Cybalr
1032 3141 1218 3218 dominum

107 3267 408 3360 gubernatorem,
429 3265 531 3342 etde
550 3267 637 3344 aliis
655 3268 722 3344 sic.
743 3267 824 3344 Ista
837 3270 918 3366 jam
937 3269 1037 3367 quod
1054 3269 1221 3346 audisset

109 3389 234 3470 Petrus
261 3393 458 3488 sacerdos,
480 3399 518 3469 et
536 3393 736 3470 defendere
763 3395 917 3472 volebat
941 3397 1076 3473 Petrus
1094 3418 1218 3473 sacer·
1257 3471 1261 3486 ,

108 3517 166 3594 dos
183 3519 372 3595 dominum
391 3541 499 3595 suum
518 3518 676 3621 Oybak,
697 3522 817 3598 noluit
834 3521 1013 3600 exaudire
1031 3523 1218 3619 guberua-
1261 3617 1266 3626 ,

107 3651 157 3722 tor
183 3645 323 3740 Gritti,
352 3645 419 3722 sed
447 3645 569 3722 dixit:
602 3647 728 3744 „Vere
755 3649 907 3748 puniam
934 3647 1092 3748 ipsum.“
1123 3647 1217 3726 Cum

108 3779 317 3868 argumento
335 3771 562 3848 relacionem
590 3782 791 3873 acceperat
808 3775 945 3852 Petrus
964 3775 1160 3872 sacerdos,
1180 3781 1219 3854 et

108 3895 157 3974 sic
173 3899 316 3998 incepit
333 3899 389 3976 ire
407 3921 541 3976 versus
560 3898 608 3975 ad
627 3899 812 3976 dominum
832 3923 953 3979 suum.

202 4025 287 4102 Hec
305 4049 388 4103 cum
407 4024 555 4104 audien.
573 4027 741 4105 «Ioannes
760 4029 871 4130 Dooy
889 4027 1039 4106 obuiam
1063 4029 1216 4106 Petrum

110 4153 329 4230 sacerdotem
346 4155 423 4250 Jam
443 4153 481 4228 in
501 4151 698 4232 itineribus
717 4155 814 4250 suis,
835 4155 930 4231 dixit
948 4156 1020 4232 sibi
1039 4155 1109 4231 hec
1131 4178 1216 4236 verr

109 4275 180 4354 ba:
202 4279 347 4378 ,Audi,
369 4280 518 4358 domine
537 4281 650 4360 Petre
668 4281 863 4378 sacerdos,
885 4289 1054 4378 rogote,
1085 4304 1132 4358 ue
1160 4281 1214 4357 di·

109 4426 166 4483 cas
191 4407 339 4486 domino
368 4405 507 4508 Oybak
535 4409 610 4486 ista
637 4411 755 4486 verba
776 4432 943 4486 rancore
971 4407 1111 4484 domiui
1141 4407 1213 4484 mei

111 4535 367 4626 gubernatoris
394 4543 524 4613 contra
560 4535 720 4638 Oybak,
750 4541 791 4610 vt
817 4537 991 4611 necuter
1018 4557 1084 4612 eos
1112 4543 1214 4612 esset

110 4657 226 4759 aliqua
243 4659 423 4760 litlnrgia.
444 4663 494 4739 Et
512 4663 650 4741 Petrus
667 4661 844 4740 sacerdos
861 4661 1083 4764 spopondit,
1113 4661 1212 4762 quod

21 4817 22 4830 Ν
110 4805 173 4862 nou
191 4789 457 4868 memorabitur
475 4791 624 4868 domiuo
652 4788 803 4892 Oybalr.
833 4789 908 4868 Sed
936 4813 1020 4867 cum
1050 4789 1217 4868 venisset
