3238 5228
1109 474 1188 556 319

95 670 153 748 rim
169 669 350 771 Stephani
368 670 564 770 Haragos3
585 673 716 751 etium
736 671 948 752 scribebant
967 699 1065 755 anno
1086 671 1187 754 1533

95 799 126 872 in
141 797 301 895 profesto
320 799 430 876 Pauli
449 798 638 876 heremite.

185 927 236 1004 Et
254 927 439 1024 integrum
462 947 597 1002 annum
625 928 890 1004 obseruaverat
906 927 989 1005 Rex
1007 927 1185 1007 Joannes.

96 1051 158 1128 Sed
174 1076 258 1129 oum
276 1076 370 1129 voce
388 1051 526 1130 domini
553 1055 812 1150 gubernatoris
831 1065 937 1131 erant
960 1056 1100 1154 captiui
1118 1059 1188 1134 sub

95 1181 224 1256 nomine
243 1203 331 1276 suo;
360 1203 434 1256 non
453 1202 500 1256 ex
515 1181 683 1278 jussione
702 1182 952 1279 Regiestatis,
981 1183 1090 1280 quasi
1117 1185 1186 1261 sub

94 1307 186 1389 titulo
203 1306 477 1404 gubernatoris.

184 1434 233 1509 Et
259 1434 313 1510 ita
350 1441 530 1510 venerant
566 1433 735 1512 obsidere
771 1443 944 1534 repente,
981 1435 1068 1533 quia
1094 1457 1188 1514 uxor

96 1561 191 1636 Pauli
208 1569 404 1638 ouourerat
422 1584 512 1658 erga
531 1561 805 1638 Fertliuandum
824 1561 987 1658 Regem,
1008 1569 1049 1637 vt
1066 1561 1186 1660 eripe·

94 1695 180 1762 retnr
197 1687 242 1764 de
261 1711 350 1764 aree
368 1687 474 1764 Butla
493 1687 551 1762 vir
570 1689 650 1786 ejus
669 1689 811 1764 Paulus
828 1687 985 1764 Artandi
1004 1709 1084 1764 eum
1101 1711 1186 1784 ger-

93 1837 186 1890 mano
205 1837 273 1892 suo
292 1823 333 1890 vt
349 1815 582 1892 liberaretur.
613 1815 664 1890 Et
681 1838 775 1890 vxor
803 1814 980 1892 credibile
1000 1815 1186 1914 copiosum

92 1939 295 2020 thesaurum
315 1943 502 2020 obtulerat
519 1941 614 2039 Regi
634 1942 883 2040 Feriinando,
895 1950 935 2018 vt
953 1965 1186 2041 nequaquam

93 2063 169 2164 illv-
197 2069 255 2145 vir
281 2068 430 2145 eiusne
467 2070 615 2146 sederet
651 2070 691 2145 in
717 2069 865 2145 vinonio
901 2070 1082 2166 oareeris,
1120 2069 1187 2146 sed

93 2194 304 2272 absoluetur.
333 2195 382 2270 Et
399 2196 473 2294 ipsi
491 2218 676 2294 pauperes
695 2219 790 2273 unus
808 2197 966 2298 alterum
985 2196 1185 2293 nesciebat,

92 2320 146 2396 sed
162 2320 445 2420 suspicabantur
463 2345 557 2398 unus
568 2305 800 2418 adalterum,
816 2321 914 2420 quod
932 2328 1059 2400 essent
1077 2324 1185 2401 ambo

91 2445 123 2520 in
139 2448 352 2546 captiuitate
370 2447 611 2544 Regiestatis.
632 2449 681 2524 Et
699 2449 774 2548 ipsi
792 2450 981 2545 sciebant,
1002 2450 1100 2546 quod
1119 2473 1183 2525 vo·

91 2572 158 2648 lunt
175 2574 345 2652 obsidere
366 2575 520 2671 Batiam,
541 2584 578 2650 et
596 2581 700 2675 spem
720 2575 909 2655 habebant
926 2599 1100 2673 magnam
1117 2578 1183 2655 ab·

90 2701 320 2778 soluendimet
356 2702 471 2800 ipsos.
509 2703 597 2782 Jam
634 2705 793 2780 ewoluto
829 2727 926 2781 anno
954 2703 1051 2779 idem
1080 2699 1181 2779 1533

89 2826 170 2904 idem
196 2828 386 2917 obsiderat
411 2829 504 2905 belli
532 2829 659 2906 duotor
686 2831 898 2910 Vilhelmus
925 2830 1023 2926 Regi
1051 2829 1180 2906 Ferii-

90 2954 195 3052 nandi,
215 2955 311 3032 siem
330 2953 508 3055 seriptum
528 2961 564 3032 et
581 2962 622 3030 vt
640 2977 767 3055 supra.

180 3080 301 3176 Quum
314 3084 393 3180 jam
411 3082 577 3158 venisset
595 3082 644 3157 ad
662 3107 797 3160 annum
810 3081 923 3180 1534,
945 3085 1181 3182 quamobrem

91 3207 181 3284 beati
199 3209 346 3284 Thome
365 3209 526 3307 apostoli
547 3215 633 3286 ante
651 3207 897 3286 Natiuitatem
916 3211 1067 3286 Domini
1086 3212 1183 3309 quod

86 3335 149 3428 jam
174 3335 338 3412 absoluti
365 3335 501 3410 fuimus
540 3333 749 3412 Germanos
785 3343 939 3436 propter
975 3337 1182 3413 sollemnem

89 3460 169 3538 diem
185 3462 406 3540 Natiuitatis
425 3461 576 3538 Domini
596 3463 767 3539 abierunt
784 3470 954 3560 mortem,
983 3472 1025 3539 vt
1041 3464 1180 3560 gaudia

91 3589 239 3667 solennis
266 3589 347 3666 dies
366 3613 414 3665 ne
432 3589 682 3666 contaminata
700 3598 801 3668 esset
817 3591 985 3688 lugubre.
1014 3588 1181 3689 Cumque

89 3723 225 3794 venerat
244 3715 325 3792 dies
343 3715 452 3792 Beati
471 3716 581 3792 Pauli
610 3716 787 3793 heremite
806 3687 945 3815 eciam,
964 3725 1098 3794 extune
1116 3718 1180 3793 ‹lo-

89 3840 190 3920 ninus
228 3845 456 3940 gubernator
490 3843 578 3918 feeit
606 3867 653 3920 ao
686 3845 796 3922 iussit
830 3868 965 3922 sonare
997 3846 1177 3942 lictorem,

89 3969 180 4045 ualde
198 3994 308 4048 mane
326 3981 427 4068 erat,
453 3994 565 4070 quum
583 3972 833 4050 intellexisset
849 3975 1074 4070 gubernator
1091 3997 1177 4073 pra-

90 4093 200 4173 cticam
228 4121 376 4194 eorum,
405 4098 501 4197 quod
528 4122 574 4174 ex
602 4099 770 4176 lieenoiis
797 4101 874 4178 suis
901 4101 1030 4200 poeins
1053 4100 1177 4178 venis·

89 4229 155 4296 sent
171 4221 350 4300 Germani
370 4225 542 4302 obsidere
559 4224 713 4300 Budam.
743 4225 819 4302 Sed
835 4227 1060 4305 intervoloto
1078 4249 1176 4303 anno

89 4342 212 4445 integro
249 4353 407 4448 rogabat
443 4351 526 4428 Rex
563 4349 746 4449 Majestas
773 4376 843 4430 sua
876 4361 1018 4430 tantum
1045 4354 1093 4430 ab
1120 4353 1176 4429 eis

88 4469 194 4552 ierem
212 4479 317 4555 milia
336 4477 502 4574 markas,
522 4485 560 4556 et
576 4479 841 4556 uunooiauerat
859 4480 1000 4557 Paulus
1018 4477 1175 4555 Artandi

88 4604 270 4702 uxorisne,
289 4614 330 4681 vt
347 4615 500 4707 portare
518 4605 688 4685 debeant.
710 4605 786 4684 Sed
802 4631 895 4684 vxor
912 4607 1071 4685 viriliter
1088 4631 1174 4706 pro·

20 4779 22 4838 ,
89 4733 221 4810 mahat
238 4735 287 4810 ad
304 4734 447 4832 Regem
474 4735 770 4834 Fordiuandum,
799 4737 886 4836 quia
912 4737 996 4837 ipsa
1014 4735 1172 4814 confide·
