3238 5228
1137 482 1215 560 323

111 685 150 758 ad
166 685 326 759 futurum
359 683 530 757 Balintitt
549 681 760 758 Traoianns
782 681 932 782 punitus
956 691 1036 758 erat
1056 705 1122 778 per
1142 681 1214 756 Re·

109 833 183 905 gem
200 811 397 888 Joannem.

397 1095 729 1200 (CAPITULUM
758 1095 917 1200 XCIV).

205 1315 294 1389 Inde
314 1315 508 1392 Emerious
526 1313 683 1391 suflatus
703 1323 784 1388 erat
803 1313 990 1414 Oybakin
1005 1314 1214 1392 stomacha-

111 1441 196 1515 mino
214 1463 280 1516 suo
300 1443 407 1538 quasi
428 1449 556 1518 eontra
575 1441 737 1536 Regem,
767 1441 865 1536 qnod
895 1439 1012 1517 Gritti
1032 1449 1108 1516 tom
1128 1465 1212 1538 pro·

107 1567 211 1642 liram
240 1570 339 1643 viam
368 1569 561 1645 habuisset
589 1570 762 1644 veniendi
791 1569 962 1662 dominus
989 1569 1216 1662 gubernator

107 1695 310 1772 adBodam.
333 1697 383 1770 Et
399 1697 462 1772 isti
481 1699 647 1772 latrones
667 1695 931 1772 refocillabant
948 1695 1097 1790 famam,
1119 1696 1215 1792 quod

109 1845 169 1918 per
186 1821 362 1900 Cesarem
391 1825 598 1938 Turoarum
627 1833 727 1900 esset
755 1825 922 1922 direptus
941 1825 1215 1922 aojugulatos3

106 1959 142 2022 et
157 1952 261 2047 quasi
290 1951 372 2026 Rex
402 1952 518 2027 eoiam
538 1952 745 2026 indubium
766 1960 866 2046 erat,
894 1952 993 2048 quod
1011 1960 1088 2026 tam
1107 1952 1214 2026 diur-

105 2099 183 2150 num
203 2077 300 2152 viam
320 2078 512 2154 habuisset
531 2077 699 2152 dominus
719 2080 956 2172 gubernator.
978 2078 1028 2152 Et
1047 2078 1215 2154 dominus

104 2201 234 2301 Cybak
265 2205 375 2278 valde
405 2206 587 2298 arguebat
616 2203 758 2298 Regem
787 2204 993 2295 Joannem,
1024 2204 1121 2299 qnod
1148 2225 1214 2298 gu-

102 2329 331 2406 bernatorem
359 2332 538 2426 elegisset
567 2329 795 2404 Ludouioum
825 2330 999 2424 Grittim,
1020 2330 1059 2405 in
1077 2352 1214 2405 memo·

103 2457 216 2532 rabile
237 2457 282 2532 de
302 2453 405 2558 (h)ao
423 2481 464 2532 re
485 2481 633 2556 semper
652 2460 835 2554 arguebat
854 2458 996 2552 Regem
1015 2457 1042 2532 J
1044 2479 1213 2532 oannem.

103 2579 177 2658 Ista
205 2587 322 2660 verba
350 2583 542 2684 Cybakini
577 2585 758 2660 sensisset
786 2591 921 2658 extum.
950 2583 1119 2659 dominus
1146 2605 1214 2678 gu·

102 2709 292 2805 bemator,
322 2713 409 2806 quia
437 2711 605 2787 Joannes
634 2712 743 2809 Dooy
773 2719 809 2786 et
838 2711 1015 2786 Vrbanus
1036 2710 1213 2808 Battyani

103 2835 205 2910 valde
236 2837 424 2912 habebant
443 2839 480 2912 in
501 2861 565 2912 oso
584 2838 705 2934 ipsum
734 2837 945 2912 Emerioum
973 2845 1122 2934 propter
1150 2858 1240 2910 rie-s

101 2961 352 3056 phandissima
379 2967 496 3040 verba
532 2987 601 3040 sua
628 2965 823 3057 scurrilia,
861 2969 1054 3060 struppum
1082 2963 1212 3058 auique

101 3092 319 3189 propinabat
337 3093 421 3180 sibi,
442 3093 618 3190 precipue
639 3091 776 3169 Joanni
797 3091 925 3190 Dooy;
945 3113 1028 3166 oum
1047 3087 1215 3186 coloquio

102 3219 227 3312 prauis
246 3219 324 3294 suis
343 3222 510 3295 merebat
529 3242 631 3314 eum,
662 3220 759 3316 quod
787 3225 925 3314 quanto
953 3217 1150 3316 supposuit
1168 3215 1212 3290 de

102 3345 234 3440 latere,
257 3347 356 3420 etde
375 3347 509 3422 fronte.
540 3347 653 3420 Aliud
672 3347 724 3420 nil
744 3369 886 3444 pauper
904 3345 1073 3421 dominus
1103 3344 1213 3417 Eme·

102 3471 195 3550 rious
225 3471 361 3572 Cybak
381 3474 420 3547 in
440 3473 538 3548 buno
558 3473 731 3547 mnndum
760 3497 885 3548 euram
910 3472 1092 3560 habebat,
1122 3469 1211 3544 dun-

102 3605 202 3676 taxat
230 3600 275 3672 de
304 3599 572 3675 scortatoribus
601 3599 800 3674 maximam
831 3621 957 3672 euram
984 3597 1140 3692 gerebat
1168 3595 1212 3668 de

103 3729 238 3803 talibus
257 3727 481 3803 adsalutem
502 3751 628 3823 snem3
649 3735 687 3801 et
706 3727 814 3800 valde
834 3724 1021 3800 detractor
1039 3733 1130 3800 eret.

206 3857 256 3930 Et
275 3854 358 3930 Rex
378 3855 403 3930 J
407 3879 549 3932 oannes
568 3856 721 3932 donauit
738 3855 811 3933 sibi
830 3875 953 3928 ornem
973 3853 1150 3950 optimam
1169 3877 1214 3928 ee

105 4001 178 4056 enm
208 3983 361 4078 regione
389 4005 459 4081 sua
487 3983 526 4057 in
555 3983 855 4059 Transsilwania
885 3980 1092 4076 Haobagb,
1132 3979 1211 4056 Hu-

106 4109 301 4204 nyadwara
329 4111 582 4204 vocitabatur3
613 4117 650 4184 et
668 4110 893 4204 donauerat,
924 4107 1020 4207 quod
1038 4109 1072 4185 si
1090 4115 1213 4206 potest

104 4229 142 4305 de
161 4233 390 4312 Germanica
417 4212 525 4334 parte
554 4237 734 4334 adipisoi,
765 4246 802 4312 et
830 4239 928 4312 alias
957 4236 1137 4312 castellas
1163 4237 1211 4310 ob

105 4357 171 4454 eis,
199 4361 336 4459 optime
356 4363 429 4438 sibi
449 4371 560 4439 esset.
592 4364 642 4437 ut
670 4363 839 4440 dominus
860 4365 1055 4441 Emerious
1074 4359 1212 4461 Oybok

106 4487 252 4574 gauisus
279 4495 362 4562 erat
390 4512 435 4563 ao
464 4490 579 4584 letus,
611 4497 648 4564 et
666 4487 722 4590 ‘iii
750 4511 835 4568 sese
863 4492 1105 4568 constituerat
1130 4511 1211 4582 oum

106 4623 207 4699 gente
234 4616 405 4712 eopiosa,
427 4623 463 4690 et
481 4617 572 4690 feeit
599 4617 764 4692 olomare
792 4617 981 4694 sellarium
1007 4615 1213 4694 lonaeiouis

106 4739 285 4828 peditibus
304 4751 381 4818 tres
400 4741 581 4836 florenos,
603 4745 799 4840 equitibus·
809 4755 998 4928 quattuor2.
1003 4747 1072 4927 Ibit
1092 4745 1209 4819 vexil-
