<?xml version="1.0" encoding="UTF-8"?>
<!DOCTYPE html PUBLIC "-//W3C//DTD XHTML 1.0 Transitional//EN"
    "http://www.w3.org/TR/xhtml1/DTD/xhtml1-transitional.dtd">
<html xmlns="http://www.w3.org/1999/xhtml" xml:lang="en" lang="en">
 <head>
  <title>
</title>
<meta http-equiv="Content-Type" content="text/html;charset=utf-8" />
  <meta name='ocr-system' content='tesseract 3.04.00' />
  <meta name='ocr-capabilities' content='ocr_page ocr_carea ocr_par ocr_line ocrx_word'/>
</head>
<body>
  <div class='ocr_page' id='page_1' title='image "./emlkiratamagyar00wenzgoog_0356.png"; bbox 0 0 3238 5228; ppageno 0'>
   <div class='ocr_carea' id='block_1_1' title="bbox 901 389 1227 555">
    <p class='ocr_par' dir='ltr' id='par_1_1' title="bbox 901 389 1227 555">
     <span class='ocr_line' id='line_1_1' title="bbox 901 389 1227 555; baseline 0 0"><span class='ocrx_word' id='word_1_1' title='bbox 901 389 908 428; x_wconf 64' lang='grc'><em>’</em></span> <span class='ocrx_word' id='word_1_2' title='bbox 1149 471 1227 555; x_wconf 84' lang='lat' dir='ltr'>ooo</span> 
     </span>
    </p>
   </div>
   <div class='ocr_carea' id='block_1_2' title="bbox 125 671 1228 770">
    <p class='ocr_par' dir='ltr' id='par_1_2' title="bbox 125 671 1228 770">
     <span class='ocr_line' id='line_1_2' title="bbox 125 671 1228 770; baseline 0 -22"><span class='ocrx_word' id='word_1_3' title='bbox 125 693 195 748; x_wconf 90' lang='lat' dir='ltr'>cnm</span> <span class='ocrx_word' id='word_1_4' title='bbox 221 695 297 748; x_wconf 91' lang='lat' dir='ltr'>eas.</span> <span class='ocrx_word' id='word_1_5' title='bbox 327 671 376 748; x_wconf 82' lang='lat' dir='ltr'>Et</span> <span class='ocrx_word' id='word_1_6' title='bbox 402 695 513 748; x_wconf 86' lang='lat' dir='ltr'>rnam</span> <span class='ocrx_word' id='word_1_7' title='bbox 540 692 724 769; x_wconf 87' lang='lat' dir='ltr'>nunquam</span> <span class='ocrx_word' id='word_1_8' title='bbox 753 679 953 770; x_wconf 88' lang='lat' dir='ltr'>potuerant</span> <span class='ocrx_word' id='word_1_9' title='bbox 972 671 1161 750; x_wconf 87' lang='lat' dir='ltr'>declinare</span> <span class='ocrx_word' id='word_1_10' title='bbox 1180 673 1228 748; x_wconf 85' lang='lat' dir='ltr'>ad</span> 
     </span>
    </p>
   </div>
   <div class='ocr_carea' id='block_1_3' title="bbox 124 797 1366 910">
    <p class='ocr_par' dir='ltr' id='par_1_3' title="bbox 124 797 1366 910">
     <span class='ocr_line' id='line_1_3' title="bbox 124 797 1366 910; baseline 0.006 -36"><span class='ocrx_word' id='word_1_11' title='bbox 124 800 231 894; x_wconf 84' lang='lat' dir='ltr'>nala,</span> <span class='ocrx_word' id='word_1_12' title='bbox 260 799 327 877; x_wconf 91' lang='lat' dir='ltr'>sed</span> <span class='ocrx_word' id='word_1_13' title='bbox 353 800 519 898; x_wconf 75' lang='lat' dir='ltr'>perfecte</span> <span class='ocrx_word' id='word_1_14' title='bbox 546 807 804 898; x_wconf 75' lang='lat' dir='ltr'>permanserat</span> <span class='ocrx_word' id='word_1_15' title='bbox 830 800 869 874; x_wconf 91' lang='lat' dir='ltr'>in</span> <span class='ocrx_word' id='word_1_16' title='bbox 897 797 1074 875; x_wconf 88' lang='lat' dir='ltr'>castitate</span> <span class='ocrx_word' id='word_1_17' title='bbox 1100 801 1226 877; x_wconf 87' lang='lat' dir='ltr'>matri·</span> <span class='ocrx_word' id='word_1_18' title='bbox 1363 903 1366 910; x_wconf 14' lang='grc' dir='ltr'><strong>Δ</strong></span> 
     </span>
    </p>
   </div>
   <div class='ocr_carea' id='block_1_4' title="bbox 114 923 1272 4828">
    <p class='ocr_par' dir='ltr' id='par_1_4' title="bbox 124 923 1228 1151">
     <span class='ocr_line' id='line_1_4' title="bbox 124 923 1228 1022; baseline 0.003 -24"><span class='ocrx_word' id='word_1_19' title='bbox 124 927 233 1021; x_wconf 84' lang='lat' dir='ltr'>moni3</span> <span class='ocrx_word' id='word_1_20' title='bbox 258 948 392 1002; x_wconf 87' lang='lat' dir='ltr'>nornen</span> <span class='ocrx_word' id='word_1_21' title='bbox 420 925 573 1022; x_wconf 86' lang='lat' dir='ltr'>Zigarto</span> <span class='ocrx_word' id='word_1_22' title='bbox 594 923 831 1020; x_wconf 81' lang='lat' dir='ltr'>Thamasne3</span> <span class='ocrx_word' id='word_1_23' title='bbox 860 925 927 1002; x_wconf 86' lang='lat' dir='ltr'>alii</span> <span class='ocrx_word' id='word_1_24' title='bbox 954 926 1171 1004; x_wconf 74' lang='lat' dir='ltr'>meretrices</span> <span class='ocrx_word' id='word_1_25' title='bbox 1189 926 1228 1001; x_wconf 94' lang='lat' dir='ltr'>in</span> 
     </span>
     <span class='ocr_line' id='line_1_5' title="bbox 124 1051 1035 1151; baseline -0.002 -23"><span class='ocrx_word' id='word_1_26' title='bbox 124 1073 180 1128; x_wconf 91' lang='lat' dir='ltr'>oso</span> <span class='ocrx_word' id='word_1_27' title='bbox 198 1052 386 1129; x_wconf 89' lang='lat' dir='ltr'>habehant</span> <span class='ocrx_word' id='word_1_28' title='bbox 404 1059 557 1150; x_wconf 89' lang='lat' dir='ltr'>propter</span> <span class='ocrx_word' id='word_1_29' title='bbox 576 1051 781 1151; x_wconf 76' lang='lat' dir='ltr'>perfectam</span> <span class='ocrx_word' id='word_1_30' title='bbox 800 1052 1035 1150; x_wconf 88' lang='lat' dir='ltr'>probitatem.</span> 
     </span>
    </p>

    <p class='ocr_par' dir='ltr' id='par_1_5' title="bbox 114 1171 1272 4828">
     <span class='ocr_line' id='line_1_6' title="bbox 218 1171 1272 1278; baseline 0.002 -26"><span class='ocrx_word' id='word_1_31' title='bbox 218 1178 268 1252; x_wconf 83' lang='lat' dir='ltr'>Et</span> <span class='ocrx_word' id='word_1_32' title='bbox 285 1202 396 1254; x_wconf 85' lang='lat' dir='ltr'>vnam</span> <span class='ocrx_word' id='word_1_33' title='bbox 426 1179 563 1254; x_wconf 85' lang='lat' dir='ltr'>famam</span> <span class='ocrx_word' id='word_1_34' title='bbox 589 1178 802 1256; x_wconf 90' lang='lat' dir='ltr'>refocillare</span> <span class='ocrx_word' id='word_1_35' title='bbox 829 1179 1019 1274; x_wconf 83' lang='lat' dir='ltr'>fecerunt,</span> <span class='ocrx_word' id='word_1_36' title='bbox 1049 1178 1145 1278; x_wconf 91' lang='lat' dir='ltr'>quod</span> <span class='ocrx_word' id='word_1_37' title='bbox 1163 1177 1227 1254; x_wconf 87' lang='lat' dir='ltr'>do·</span> <span class='ocrx_word' id='word_1_38' title='bbox 1268 1171 1272 1180; x_wconf 71' lang='grc'><em>“</em></span> 
     </span>
     <span class='ocr_line' id='line_1_7' title="bbox 124 1301 1227 1400; baseline 0 -20"><span class='ocrx_word' id='word_1_39' title='bbox 124 1305 250 1380; x_wconf 92' lang='lat' dir='ltr'>minum</span> <span class='ocrx_word' id='word_1_40' title='bbox 277 1307 563 1400; x_wconf 81' lang='lat' dir='ltr'>gubernatorem</span> <span class='ocrx_word' id='word_1_41' title='bbox 591 1301 710 1380; x_wconf 78' lang='lat' dir='ltr'>Cesar</span> <span class='ocrx_word' id='word_1_42' title='bbox 738 1303 946 1382; x_wconf 82' lang='lat' dir='ltr'>&#39;Parcarum</span> <span class='ocrx_word' id='word_1_43' title='bbox 965 1304 1155 1382; x_wconf 87' lang='lat' dir='ltr'>decoriare</span> <span class='ocrx_word' id='word_1_44' title='bbox 1173 1305 1227 1380; x_wconf 90' lang='lat' dir='ltr'>fe-</span> 
     </span>
     <span class='ocr_line' id='line_1_8' title="bbox 123 1427 1227 1529; baseline -0.001 -21"><span class='ocrx_word' id='word_1_45' title='bbox 123 1439 242 1508; x_wconf 77' lang='lat' dir='ltr'>oront</span> <span class='ocrx_word' id='word_1_46' title='bbox 267 1429 380 1507; x_wconf 86' lang='lat' dir='ltr'>anoi</span> <span class='ocrx_word' id='word_1_47' title='bbox 408 1431 447 1506; x_wconf 95' lang='lat' dir='ltr'>in</span> <span class='ocrx_word' id='word_1_48' title='bbox 474 1433 565 1507; x_wconf 86' lang='lat' dir='ltr'>vrbe</span> <span class='ocrx_word' id='word_1_49' title='bbox 593 1427 979 1529; x_wconf 81' lang='lat' dir='ltr'>Constantinopolim,</span> <span class='ocrx_word' id='word_1_50' title='bbox 1016 1438 1053 1507; x_wconf 91' lang='lat' dir='ltr'>et</span> <span class='ocrx_word' id='word_1_51' title='bbox 1080 1430 1126 1508; x_wconf 90' lang='lat' dir='ltr'>dc</span> <span class='ocrx_word' id='word_1_52' title='bbox 1153 1453 1227 1507; x_wconf 86' lang='lat' dir='ltr'>vno</span> 
     </span>
     <span class='ocr_line' id='line_1_9' title="bbox 121 1556 1228 1656; baseline 0.002 -26"><span class='ocrx_word' id='word_1_53' title='bbox 121 1557 241 1635; x_wconf 87' lang='lat' dir='ltr'>thurro</span> <span class='ocrx_word' id='word_1_54' title='bbox 260 1565 381 1633; x_wconf 90' lang='lat' dir='ltr'>cutem</span> <span class='ocrx_word' id='word_1_55' title='bbox 400 1579 481 1634; x_wconf 90' lang='lat' dir='ltr'>oum</span> <span class='ocrx_word' id='word_1_56' title='bbox 501 1556 742 1634; x_wconf 77' lang='lat' dir='ltr'>straminibus</span> <span class='ocrx_word' id='word_1_57' title='bbox 761 1557 1018 1655; x_wconf 87' lang='lat' dir='ltr'>impleuissent</span> <span class='ocrx_word' id='word_1_58' title='bbox 1035 1565 1143 1634; x_wconf 84' lang='lat' dir='ltr'>extra</span> <span class='ocrx_word' id='word_1_59' title='bbox 1160 1579 1228 1656; x_wconf 89' lang='lat' dir='ltr'>per</span> 
     </span>
     <span class='ocr_line' id='line_1_10' title="bbox 125 1683 1230 1761; baseline -0.003 -2"><span class='ocrx_word' id='word_1_60' title='bbox 125 1707 228 1759; x_wconf 78' lang='lat' dir='ltr'>unam</span> <span class='ocrx_word' id='word_1_61' title='bbox 258 1685 404 1760; x_wconf 87' lang='lat' dir='ltr'>hastam</span> <span class='ocrx_word' id='word_1_62' title='bbox 432 1683 642 1760; x_wconf 88' lang='lat' dir='ltr'>trudiesent.</span> <span class='ocrx_word' id='word_1_63' title='bbox 679 1683 731 1758; x_wconf 86' lang='lat' dir='ltr'>Et</span> <span class='ocrx_word' id='word_1_64' title='bbox 755 1685 1009 1761; x_wconf 89' lang='lat' dir='ltr'>locumtenens</span> <span class='ocrx_word' id='word_1_65' title='bbox 1035 1684 1230 1761; x_wconf 86' lang='lat' dir='ltr'>habitabat</span> 
     </span>
     <span class='ocr_line' id='line_1_11' title="bbox 121 1809 1229 1913; baseline 0 -29"><span class='ocrx_word' id='word_1_66' title='bbox 121 1811 156 1885; x_wconf 89' lang='lat' dir='ltr'>in</span> <span class='ocrx_word' id='word_1_67' title='bbox 181 1811 289 1888; x_wconf 92' lang='lat' dir='ltr'>domo</span> <span class='ocrx_word' id='word_1_68' title='bbox 318 1809 455 1886; x_wconf 92' lang='lat' dir='ltr'>domini</span> <span class='ocrx_word' id='word_1_69' title='bbox 484 1809 598 1886; x_wconf 82' lang='lat' dir='ltr'>Gritti</span> <span class='ocrx_word' id='word_1_70' title='bbox 626 1811 773 1886; x_wconf 91' lang='lat' dir='ltr'>nomine</span> <span class='ocrx_word' id='word_1_71' title='bbox 801 1811 1066 1913; x_wconf 80' lang='lat' dir='ltr'>Tranquillus,</span> <span class='ocrx_word' id='word_1_72' title='bbox 1096 1809 1229 1886; x_wconf 89' lang='lat' dir='ltr'>etheo</span> 
     </span>
     <span class='ocr_line' id='line_1_12' title="bbox 120 1934 1228 2035; baseline -0.002 -23"><span class='ocrx_word' id='word_1_73' title='bbox 120 1938 237 2013; x_wconf 90' lang='lat' dir='ltr'>omnia</span> <span class='ocrx_word' id='word_1_74' title='bbox 256 1936 429 2013; x_wconf 80' lang='lat' dir='ltr'>audiebat</span> <span class='ocrx_word' id='word_1_75' title='bbox 447 1943 484 2010; x_wconf 92' lang='lat' dir='ltr'>et</span> <span class='ocrx_word' id='word_1_76' title='bbox 503 1959 578 2012; x_wconf 93' lang='lat' dir='ltr'>non</span> <span class='ocrx_word' id='word_1_77' title='bbox 595 1938 837 2035; x_wconf 77' lang='lat' dir='ltr'>presumebat</span> <span class='ocrx_word' id='word_1_78' title='bbox 861 1945 990 2013; x_wconf 90' lang='lat' dir='ltr'>contra</span> <span class='ocrx_word' id='word_1_79' title='bbox 1008 1961 1093 2033; x_wconf 84' lang='lat' dir='ltr'>eos,</span> <span class='ocrx_word' id='word_1_80' title='bbox 1124 1934 1228 2035; x_wconf 90' lang='lat' dir='ltr'>qnid·</span> 
     </span>
     <span class='ocr_line' id='line_1_13' title="bbox 120 2061 1227 2162; baseline -0.001 -23"><span class='ocrx_word' id='word_1_81' title='bbox 120 2063 201 2162; x_wconf 88' lang='lat' dir='ltr'>quid</span> <span class='ocrx_word' id='word_1_82' title='bbox 219 2065 362 2138; x_wconf 88' lang='lat' dir='ltr'>locutus</span> <span class='ocrx_word' id='word_1_83' title='bbox 380 2062 471 2138; x_wconf 86' lang='lat' dir='ltr'>fore.</span> <span class='ocrx_word' id='word_1_84' title='bbox 503 2061 555 2134; x_wconf 86' lang='lat' dir='ltr'>Et</span> <span class='ocrx_word' id='word_1_85' title='bbox 572 2061 897 2139; x_wconf 88' lang='lat' dir='ltr'>tricessimatorem</span> <span class='ocrx_word' id='word_1_86' title='bbox 923 2065 1109 2142; x_wconf 86' lang='lat' dir='ltr'>Joannem</span> <span class='ocrx_word' id='word_1_87' title='bbox 1127 2062 1227 2139; x_wconf 91' lang='lat' dir='ltr'>Lite·</span> 
     </span>
     <span class='ocr_line' id='line_1_14' title="bbox 120 2187 1228 2282; baseline 0 -16"><span class='ocrx_word' id='word_1_88' title='bbox 120 2195 234 2266; x_wconf 84' lang='lat' dir='ltr'>ratnm</span> <span class='ocrx_word' id='word_1_89' title='bbox 263 2188 309 2264; x_wconf 93' lang='lat' dir='ltr'>de</span> <span class='ocrx_word' id='word_1_90' title='bbox 337 2187 488 2282; x_wconf 85' lang='lat' dir='ltr'>Bogad‚</span> <span class='ocrx_word' id='word_1_91' title='bbox 519 2195 557 2262; x_wconf 90' lang='lat' dir='ltr'>et</span> <span class='ocrx_word' id='word_1_92' title='bbox 575 2187 646 2263; x_wconf 92' lang='lat' dir='ltr'>iste</span> <span class='ocrx_word' id='word_1_93' title='bbox 665 2195 748 2264; x_wconf 87' lang='lat' dir='ltr'>erat</span> <span class='ocrx_word' id='word_1_94' title='bbox 774 2189 1028 2268; x_wconf 87' lang='lat' dir='ltr'>locumtenens</span> <span class='ocrx_word' id='word_1_95' title='bbox 1046 2199 1084 2267; x_wconf 95' lang='lat' dir='ltr'>et</span> <span class='ocrx_word' id='word_1_96' title='bbox 1100 2190 1228 2267; x_wconf 87' lang='lat' dir='ltr'>trices·</span> 
     </span>
     <span class='ocr_line' id='line_1_15' title="bbox 121 2313 1231 2411; baseline -0.004 -17"><span class='ocrx_word' id='word_1_97' title='bbox 121 2317 247 2394; x_wconf 90' lang='lat' dir='ltr'>simam</span> <span class='ocrx_word' id='word_1_98' title='bbox 265 2315 344 2411; x_wconf 89' lang='lat' dir='ltr'>ipse</span> <span class='ocrx_word' id='word_1_99' title='bbox 362 2313 580 2410; x_wconf 79' lang='lat' dir='ltr'>accipiebat.</span> <span class='ocrx_word' id='word_1_100' title='bbox 609 2313 658 2387; x_wconf 87' lang='lat' dir='ltr'>Et</span> <span class='ocrx_word' id='word_1_101' title='bbox 675 2313 797 2411; x_wconf 90' lang='lat' dir='ltr'>ipsum</span> <span class='ocrx_word' id='word_1_102' title='bbox 821 2315 932 2392; x_wconf 88' lang='lat' dir='ltr'>valde</span> <span class='ocrx_word' id='word_1_103' title='bbox 950 2317 1175 2392; x_wconf 88' lang='lat' dir='ltr'>deludebant</span> <span class='ocrx_word' id='word_1_104' title='bbox 1192 2325 1231 2392; x_wconf 90' lang='lat' dir='ltr'>et</span> 
     </span>
     <span class='ocr_line' id='line_1_16' title="bbox 118 2439 1228 2542; baseline 0.001 -24"><span class='ocrx_word' id='word_1_105' title='bbox 118 2444 341 2521; x_wconf 84' lang='lat' dir='ltr'>infestabant</span> <span class='ocrx_word' id='word_1_106' title='bbox 378 2439 534 2537; x_wconf 86' lang='lat' dir='ltr'>predicti</span> <span class='ocrx_word' id='word_1_107' title='bbox 570 2441 756 2535; x_wconf 81' lang='lat' dir='ltr'>iatronee,</span> <span class='ocrx_word' id='word_1_108' title='bbox 795 2449 832 2516; x_wconf 92' lang='lat' dir='ltr'>et</span> <span class='ocrx_word' id='word_1_109' title='bbox 868 2443 1044 2518; x_wconf 90' lang='lat' dir='ltr'>volebant</span> <span class='ocrx_word' id='word_1_110' title='bbox 1070 2444 1118 2519; x_wconf 88' lang='lat' dir='ltr'>ab</span> <span class='ocrx_word' id='word_1_111' title='bbox 1144 2443 1228 2542; x_wconf 87' lang='lat' dir='ltr'>ipso</span> 
     </span>
     <span class='ocr_line' id='line_1_17' title="bbox 117 2567 1230 2666; baseline -0.005 -19"><span class='ocrx_word' id='word_1_112' title='bbox 117 2571 302 2646; x_wconf 87' lang='lat' dir='ltr'>racionem</span> <span class='ocrx_word' id='word_1_113' title='bbox 333 2567 527 2664; x_wconf 82' lang='lat' dir='ltr'>accipere,</span> <span class='ocrx_word' id='word_1_114' title='bbox 553 2575 590 2642; x_wconf 91' lang='lat' dir='ltr'>et</span> <span class='ocrx_word' id='word_1_115' title='bbox 607 2591 682 2643; x_wconf 94' lang='lat' dir='ltr'>non</span> <span class='ocrx_word' id='word_1_116' title='bbox 700 2567 902 2646; x_wconf 88' lang='lat' dir='ltr'>adherebat</span> <span class='ocrx_word' id='word_1_117' title='bbox 919 2569 984 2645; x_wconf 92' lang='lat' dir='ltr'>eis.</span> <span class='ocrx_word' id='word_1_118' title='bbox 1014 2569 1066 2644; x_wconf 84' lang='lat' dir='ltr'>Et</span> <span class='ocrx_word' id='word_1_119' title='bbox 1083 2568 1230 2666; x_wconf 78' lang='lat' dir='ltr'>dicebat</span> 
     </span>
     <span class='ocr_line' id='line_1_18' title="bbox 119 2691 1229 2792; baseline -0.004 -18"><span class='ocrx_word' id='word_1_120' title='bbox 119 2697 289 2774; x_wconf 88' lang='lat' dir='ltr'>Joannes</span> <span class='ocrx_word' id='word_1_121' title='bbox 308 2691 513 2770; x_wconf 89' lang='lat' dir='ltr'>Litteratus</span> <span class='ocrx_word' id='word_1_122' title='bbox 530 2693 777 2770; x_wconf 87' lang='lat' dir='ltr'>tricesimator</span> <span class='ocrx_word' id='word_1_123' title='bbox 795 2693 850 2770; x_wconf 90' lang='lat' dir='ltr'>eis</span> <span class='ocrx_word' id='word_1_124' title='bbox 869 2723 877 2770; x_wconf 77' lang='grc' dir='ltr'><em>τ</em></span> <span class='ocrx_word' id='word_1_125' title='bbox 903 2694 1007 2792; x_wconf 83' lang='lat' dir='ltr'>„Ego</span> <span class='ocrx_word' id='word_1_126' title='bbox 1026 2693 1132 2771; x_wconf 88' lang='lat' dir='ltr'>vobis</span> <span class='ocrx_word' id='word_1_127' title='bbox 1155 2715 1229 2770; x_wconf 93' lang='lat' dir='ltr'>non</span> 
     </span>
     <span class='ocr_line' id='line_1_19' title="bbox 116 2818 1227 2922; baseline -0.004 -22"><span class='ocrx_word' id='word_1_128' title='bbox 116 2843 266 2922; x_wconf 90' lang='lat' dir='ltr'>possum</span> <span class='ocrx_word' id='word_1_129' title='bbox 285 2819 392 2913; x_wconf 87' lang='lat' dir='ltr'>dare,</span> <span class='ocrx_word' id='word_1_130' title='bbox 412 2818 499 2916; x_wconf 89' lang='lat' dir='ltr'>quia</span> <span class='ocrx_word' id='word_1_131' title='bbox 518 2841 584 2896; x_wconf 86' lang='lat' dir='ltr'>vos</span> <span class='ocrx_word' id='word_1_132' title='bbox 603 2819 692 2895; x_wconf 93' lang='lat' dir='ltr'>mihi</span> <span class='ocrx_word' id='word_1_133' title='bbox 710 2843 785 2896; x_wconf 92' lang='lat' dir='ltr'>non</span> <span class='ocrx_word' id='word_1_134' title='bbox 804 2819 956 2896; x_wconf 90' lang='lat' dir='ltr'>dedistis</span> <span class='ocrx_word' id='word_1_135' title='bbox 976 2819 1066 2895; x_wconf 93' lang='lat' dir='ltr'>mihi</span> <span class='ocrx_word' id='word_1_136' title='bbox 1087 2819 1136 2896; x_wconf 87' lang='lat' dir='ltr'>ad</span> <span class='ocrx_word' id='word_1_137' title='bbox 1150 2843 1227 2896; x_wconf 90' lang='lat' dir='ltr'>ma·</span> 
     </span>
     <span class='ocr_line' id='line_1_20' title="bbox 116 2945 1227 3038; baseline -0.002 -14"><span class='ocrx_word' id='word_1_138' title='bbox 116 2973 183 3026; x_wconf 89' lang='lat' dir='ltr'>nus</span> <span class='ocrx_word' id='word_1_139' title='bbox 219 2969 322 3022; x_wconf 87' lang='lat' dir='ltr'>meas</span> <span class='ocrx_word' id='word_1_140' title='bbox 359 2945 429 3020; x_wconf 92' lang='lat' dir='ltr'>heo</span> <span class='ocrx_word' id='word_1_141' title='bbox 467 2945 626 3021; x_wconf 89' lang='lat' dir='ltr'>officiam</span> <span class='ocrx_word' id='word_1_142' title='bbox 662 2947 995 3024; x_wconf 87' lang='lat' dir='ltr'>tricesimatoriam.</span> <span class='ocrx_word' id='word_1_143' title='bbox 1034 2945 1227 3038; x_wconf 84' lang='lat' dir='ltr'>Quomodo</span> 
     </span>
     <span class='ocr_line' id='line_1_21' title="bbox 116 3072 1228 3175; baseline -0.004 -22"><span class='ocrx_word' id='word_1_144' title='bbox 116 3097 265 3175; x_wconf 86' lang='lat' dir='ltr'>possum</span> <span class='ocrx_word' id='word_1_145' title='bbox 293 3072 382 3147; x_wconf 90' lang='lat' dir='ltr'>dare</span> <span class='ocrx_word' id='word_1_146' title='bbox 403 3073 532 3166; x_wconf 82' lang='lat' dir='ltr'>vobis,</span> <span class='ocrx_word' id='word_1_147' title='bbox 561 3072 736 3169; x_wconf 89' lang='lat' dir='ltr'>qnoniam</span> <span class='ocrx_word' id='word_1_148' title='bbox 755 3074 786 3150; x_wconf 92' lang='lat' dir='ltr'>si</span> <span class='ocrx_word' id='word_1_149' title='bbox 805 3074 975 3152; x_wconf 91' lang='lat' dir='ltr'>dominns</span> <span class='ocrx_word' id='word_1_150' title='bbox 995 3097 1100 3150; x_wconf 87' lang='lat' dir='ltr'>meus</span> <span class='ocrx_word' id='word_1_151' title='bbox 1117 3095 1228 3149; x_wconf 90' lang='lat' dir='ltr'>venc-</span> 
     </span>
     <span class='ocr_line' id='line_1_22' title="bbox 115 3199 1228 3298; baseline -0.005 -18"><span class='ocrx_word' id='word_1_152' title='bbox 115 3204 180 3298; x_wconf 89' lang='lat' dir='ltr'>rit,</span> <span class='ocrx_word' id='word_1_153' title='bbox 201 3210 240 3278; x_wconf 90' lang='lat' dir='ltr'>et</span> <span class='ocrx_word' id='word_1_154' title='bbox 257 3199 429 3276; x_wconf 86' lang='lat' dir='ltr'>dominus</span> <span class='ocrx_word' id='word_1_155' title='bbox 447 3199 551 3275; x_wconf 84' lang='lat' dir='ltr'>Deus</span> <span class='ocrx_word' id='word_1_156' title='bbox 570 3200 777 3296; x_wconf 81' lang='lat' dir='ltr'>reduxerit,</span> <span class='ocrx_word' id='word_1_157' title='bbox 798 3203 832 3276; x_wconf 93' lang='lat' dir='ltr'>ei</span> <span class='ocrx_word' id='word_1_158' title='bbox 851 3201 1002 3278; x_wconf 91' lang='lat' dir='ltr'>reddam</span> <span class='ocrx_word' id='word_1_159' title='bbox 1021 3201 1228 3294; x_wconf 71' lang='lat' dir='ltr'>racionem</span> 
     </span>
     <span class='ocr_line' id='line_1_23' title="bbox 116 3325 1227 3425; baseline -0.004 -19"><span class='ocrx_word' id='word_1_160' title='bbox 116 3330 180 3406; x_wconf 90' lang='lat' dir='ltr'>sed</span> <span class='ocrx_word' id='word_1_161' title='bbox 199 3329 307 3406; x_wconf 87' lang='lat' dir='ltr'>vohis</span> <span class='ocrx_word' id='word_1_162' title='bbox 326 3327 596 3423; x_wconf 87' lang='lat' dir='ltr'>nequaquem.“</span> <span class='ocrx_word' id='word_1_163' title='bbox 629 3325 680 3401; x_wconf 87' lang='lat' dir='ltr'>Et</span> <span class='ocrx_word' id='word_1_164' title='bbox 697 3326 870 3404; x_wconf 87' lang='lat' dir='ltr'>dixerunt</span> <span class='ocrx_word' id='word_1_165' title='bbox 887 3327 944 3404; x_wconf 91' lang='lat' dir='ltr'>illi</span> <span class='ocrx_word' id='word_1_166' title='bbox 963 3327 1126 3404; x_wconf 87' lang='lat' dir='ltr'>Pharios</span> <span class='ocrx_word' id='word_1_167' title='bbox 1143 3349 1227 3425; x_wconf 91' lang='lat' dir='ltr'>pre·</span> 
     </span>
     <span class='ocr_line' id='line_1_24' title="bbox 115 3453 1227 3552; baseline -0.004 -20"><span class='ocrx_word' id='word_1_168' title='bbox 115 3457 220 3550; x_wconf 86' lang='lat' dir='ltr'>dicti,</span> <span class='ocrx_word' id='word_1_169' title='bbox 249 3454 312 3552; x_wconf 90' lang='lat' dir='ltr'>qui</span> <span class='ocrx_word' id='word_1_170' title='bbox 335 3453 551 3528; x_wconf 86' lang='lat' dir='ltr'>fiociomena</span> <span class='ocrx_word' id='word_1_171' title='bbox 579 3462 883 3551; x_wconf 88' lang='lat' dir='ltr'>composuerant,</span> <span class='ocrx_word' id='word_1_172' title='bbox 917 3453 1016 3550; x_wconf 90' lang='lat' dir='ltr'>quod</span> <span class='ocrx_word' id='word_1_173' title='bbox 1042 3453 1227 3529; x_wconf 92' lang='lat' dir='ltr'>dominum</span> 
     </span>
     <span class='ocr_line' id='line_1_25' title="bbox 116 3578 1227 3688; baseline -0.005 -28"><span class='ocrx_word' id='word_1_174' title='bbox 116 3583 298 3688; x_wconf 87' lang='lat' dir='ltr'>G(r)ittim</span> <span class='ocrx_word' id='word_1_175' title='bbox 324 3581 539 3679; x_wconf 88' lang='lat' dir='ltr'>turpissima</span> <span class='ocrx_word' id='word_1_176' title='bbox 567 3578 687 3657; x_wconf 80' lang='lat' dir='ltr'>Cesar</span> <span class='ocrx_word' id='word_1_177' title='bbox 715 3582 950 3676; x_wconf 73' lang='lat' dir='ltr'>monuisset,</span> <span class='ocrx_word' id='word_1_178' title='bbox 979 3589 1017 3655; x_wconf 92' lang='lat' dir='ltr'>et</span> <span class='ocrx_word' id='word_1_179' title='bbox 1041 3601 1227 3676; x_wconf 88' lang='lat' dir='ltr'>nunquam</span> 
     </span>
     <span class='ocr_line' id='line_1_26' title="bbox 116 3703 1229 3808; baseline -0.005 -20"><span class='ocrx_word' id='word_1_180' title='bbox 116 3712 160 3788; x_wconf 90' lang='lat' dir='ltr'>ad</span> <span class='ocrx_word' id='word_1_181' title='bbox 187 3708 424 3806; x_wconf 84' lang='lat' dir='ltr'>Hungariam</span> <span class='ocrx_word' id='word_1_182' title='bbox 459 3707 619 3805; x_wconf 90' lang='lat' dir='ltr'>amplius</span> <span class='ocrx_word' id='word_1_183' title='bbox 657 3713 876 3784; x_wconf 88' lang='lat' dir='ltr'>reuertetur.</span> <span class='ocrx_word' id='word_1_184' title='bbox 903 3703 995 3808; x_wconf 52' lang='grc' dir='ltr'>Ἤν·</span> <span class='ocrx_word' id='word_1_185' title='bbox 1022 3705 1229 3806; x_wconf 91' lang='lat' dir='ltr'>Respondit</span> 
     </span>
     <span class='ocr_line' id='line_1_27' title="bbox 114 3831 1225 3930; baseline -0.006 -13"><span class='ocrx_word' id='word_1_186' title='bbox 114 3839 279 3917; x_wconf 85' lang='lat' dir='ltr'>Joannes</span> <span class='ocrx_word' id='word_1_187' title='bbox 308 3833 542 3909; x_wconf 87' lang='lat' dir='ltr'>Litteratns:</span> <span class='ocrx_word' id='word_1_188' title='bbox 566 3833 675 3930; x_wconf 88' lang='lat' dir='ltr'>„Non</span> <span class='ocrx_word' id='word_1_189' title='bbox 702 3832 813 3908; x_wconf 91' lang='lat' dir='ltr'>dicite</span> <span class='ocrx_word' id='word_1_190' title='bbox 831 3833 949 3924; x_wconf 83' lang='lat' dir='ltr'>talia,</span> <span class='ocrx_word' id='word_1_191' title='bbox 978 3831 1115 3910; x_wconf 93' lang='lat' dir='ltr'>domini</span> <span class='ocrx_word' id='word_1_192' title='bbox 1141 3833 1225 3928; x_wconf 84' lang='lat' dir='ltr'>mei,</span> 
     </span>
     <span class='ocr_line' id='line_1_28' title="bbox 115 3957 1227 4064; baseline -0.006 -21"><span class='ocrx_word' id='word_1_193' title='bbox 115 3967 198 4064; x_wconf 86' lang='lat' dir='ltr'>qnia</span> <span class='ocrx_word' id='word_1_194' title='bbox 225 3961 358 4038; x_wconf 87' lang='lat' dir='ltr'>nudius</span> <span class='ocrx_word' id='word_1_195' title='bbox 383 3958 521 4036; x_wconf 86' lang='lat' dir='ltr'>tercius</span> <span class='ocrx_word' id='word_1_196' title='bbox 550 3959 630 4034; x_wconf 89' lang='lat' dir='ltr'>dies</span> <span class='ocrx_word' id='word_1_197' title='bbox 653 3962 733 4058; x_wconf 78' lang='lat' dir='ltr'>Jam</span> <span class='ocrx_word' id='word_1_198' title='bbox 761 3965 840 4056; x_wconf 85' lang='lat' dir='ltr'>est,</span> <span class='ocrx_word' id='word_1_199' title='bbox 870 3959 968 4057; x_wconf 89' lang='lat' dir='ltr'>quod</span> <span class='ocrx_word' id='word_1_200' title='bbox 994 3957 1083 4034; x_wconf 91' lang='lat' dir='ltr'>mihi</span> <span class='ocrx_word' id='word_1_201' title='bbox 1111 3959 1227 4036; x_wconf 87' lang='lat' dir='ltr'>allate</span> 
     </span>
     <span class='ocr_line' id='line_1_29' title="bbox 117 4085 1226 4186; baseline -0.007 -16"><span class='ocrx_word' id='word_1_202' title='bbox 117 4103 200 4170; x_wconf 89' lang='lat' dir='ltr'>sont</span> <span class='ocrx_word' id='word_1_203' title='bbox 227 4091 367 4167; x_wconf 93' lang='lat' dir='ltr'>domini</span> <span class='ocrx_word' id='word_1_204' title='bbox 394 4087 656 4185; x_wconf 82' lang='lat' dir='ltr'>gubernatoris</span> <span class='ocrx_word' id='word_1_205' title='bbox 684 4088 731 4164; x_wconf 87' lang='lat' dir='ltr'>ad</span> <span class='ocrx_word' id='word_1_206' title='bbox 759 4109 891 4164; x_wconf 88' lang='lat' dir='ltr'>manns</span> <span class='ocrx_word' id='word_1_207' title='bbox 918 4087 1056 4162; x_wconf 81' lang='lat' dir='ltr'>meas.“</span> <span class='ocrx_word' id='word_1_208' title='bbox 1097 4085 1177 4186; x_wconf 85' lang='lat' dir='ltr'>Ipsi</span> <span class='ocrx_word' id='word_1_209' title='bbox 1204 4111 1226 4162; x_wconf 93' lang='lat' dir='ltr'>e</span> 
     </span>
     <span class='ocr_line' id='line_1_30' title="bbox 117 4211 1225 4312; baseline -0.012 -12"><span class='ocrx_word' id='word_1_210' title='bbox 117 4243 294 4299; x_wconf 88' lang='lat' dir='ltr'>conuerso</span> <span class='ocrx_word' id='word_1_211' title='bbox 312 4219 514 4294; x_wconf 86' lang='lat' dir='ltr'>dicebant:</span> <span class='ocrx_word' id='word_1_212' title='bbox 539 4215 629 4312; x_wconf 85' lang='lat' dir='ltr'>„Nil</span> <span class='ocrx_word' id='word_1_213' title='bbox 649 4217 754 4310; x_wconf 83' lang='lat' dir='ltr'>est“;</span> <span class='ocrx_word' id='word_1_214' title='bbox 782 4215 848 4292; x_wconf 90' lang='lat' dir='ltr'>sed</span> <span class='ocrx_word' id='word_1_215' title='bbox 875 4215 1061 4290; x_wconf 87' lang='lat' dir='ltr'>irruerunt</span> <span class='ocrx_word' id='word_1_216' title='bbox 1085 4211 1132 4288; x_wconf 89' lang='lat' dir='ltr'>ad</span> <span class='ocrx_word' id='word_1_217' title='bbox 1159 4213 1225 4288; x_wconf 92' lang='lat' dir='ltr'>ho·</span> 
     </span>
     <span class='ocr_line' id='line_1_31' title="bbox 117 4339 1226 4447; baseline -0.009 -23"><span class='ocrx_word' id='word_1_218' title='bbox 117 4349 270 4447; x_wconf 85' lang='lat' dir='ltr'>spiciam</span> <span class='ocrx_word' id='word_1_219' title='bbox 289 4345 388 4422; x_wconf 92' lang='lat' dir='ltr'>domi</span> <span class='ocrx_word' id='word_1_220' title='bbox 407 4344 432 4422; x_wconf 85' lang='lat' dir='ltr'><strong>J</strong></span> <span class='ocrx_word' id='word_1_221' title='bbox 435 4341 565 4420; x_wconf 87' lang='lat' dir='ltr'>oannis</span> <span class='ocrx_word' id='word_1_222' title='bbox 584 4341 778 4436; x_wconf 81' lang='lat' dir='ltr'>Litterati‚</span> <span class='ocrx_word' id='word_1_223' title='bbox 807 4340 869 4418; x_wconf 90' lang='lat' dir='ltr'>isti</span> <span class='ocrx_word' id='word_1_224' title='bbox 887 4343 1052 4418; x_wconf 87' lang='lat' dir='ltr'>latrones</span> <span class='ocrx_word' id='word_1_225' title='bbox 1069 4339 1226 4439; x_wconf 87' lang='lat' dir='ltr'>predicti</span> 
     </span>
     <span class='ocr_line' id='line_1_32' title="bbox 119 4467 1225 4570; baseline -0.007 -20"><span class='ocrx_word' id='word_1_226' title='bbox 119 4473 283 4553; x_wconf 77' lang='lat' dir='ltr'>Thomas</span> <span class='ocrx_word' id='word_1_227' title='bbox 309 4471 470 4549; x_wconf 89' lang='lat' dir='ltr'>Nadasti</span> <span class='ocrx_word' id='word_1_228' title='bbox 489 4477 527 4545; x_wconf 92' lang='lat' dir='ltr'>et</span> <span class='ocrx_word' id='word_1_229' title='bbox 547 4468 687 4570; x_wconf 87' lang='lat' dir='ltr'>Symon</span> <span class='ocrx_word' id='word_1_230' title='bbox 713 4469 918 4546; x_wconf 88' lang='lat' dir='ltr'>Litteratus</span> <span class='ocrx_word' id='word_1_231' title='bbox 935 4475 974 4543; x_wconf 89' lang='lat' dir='ltr'>et</span> <span class='ocrx_word' id='word_1_232' title='bbox 991 4467 1134 4544; x_wconf 89' lang='lat' dir='ltr'>Paulus</span> <span class='ocrx_word' id='word_1_233' title='bbox 1151 4467 1225 4542; x_wconf 91' lang='lat' dir='ltr'>Po·</span> 
     </span>
     <span class='ocr_line' id='line_1_33' title="bbox 121 4593 1226 4702; baseline -0.004 -26"><span class='ocrx_word' id='word_1_234' title='bbox 121 4605 232 4700; x_wconf 81' lang='lat' dir='ltr'>aaka,</span> <span class='ocrx_word' id='word_1_235' title='bbox 252 4611 290 4678; x_wconf 86' lang='lat' dir='ltr'>et</span> <span class='ocrx_word' id='word_1_236' title='bbox 307 4603 393 4702; x_wconf 92' lang='lat' dir='ltr'>plos</span> <span class='ocrx_word' id='word_1_237' title='bbox 412 4621 523 4698; x_wconf 86' lang='lat' dir='ltr'>qnam</span> <span class='ocrx_word' id='word_1_238' title='bbox 542 4599 614 4676; x_wconf 92' lang='lat' dir='ltr'>dno</span> <span class='ocrx_word' id='word_1_239' title='bbox 634 4601 739 4676; x_wconf 90' lang='lat' dir='ltr'>milia</span> <span class='ocrx_word' id='word_1_240' title='bbox 757 4599 912 4675; x_wconf 85' lang='lat' dir='ltr'>markas</span> <span class='ocrx_word' id='word_1_241' title='bbox 931 4597 1163 4674; x_wconf 87' lang='lat' dir='ltr'>abstulerant</span> <span class='ocrx_word' id='word_1_242' title='bbox 1181 4593 1226 4672; x_wconf 89' lang='lat' dir='ltr'>de</span> 
     </span>
     <span class='ocr_line' id='line_1_34' title="bbox 121 4723 1224 4828; baseline -0.004 -26"><span class='ocrx_word' id='word_1_243' title='bbox 121 4725 284 4828; x_wconf 89' lang='lat' dir='ltr'>hospicio</span> <span class='ocrx_word' id='word_1_244' title='bbox 313 4749 377 4804; x_wconf 87' lang='lat' dir='ltr'>suo</span> <span class='ocrx_word' id='word_1_245' title='bbox 408 4735 446 4804; x_wconf 89' lang='lat' dir='ltr'>et</span> <span class='ocrx_word' id='word_1_246' title='bbox 473 4727 627 4824; x_wconf 87' lang='lat' dir='ltr'>insuper</span> <span class='ocrx_word' id='word_1_247' title='bbox 654 4727 837 4802; x_wconf 88' lang='lat' dir='ltr'>duxerant</span> <span class='ocrx_word' id='word_1_248' title='bbox 862 4723 910 4800; x_wconf 93' lang='lat' dir='ltr'>ad</span> <span class='ocrx_word' id='word_1_249' title='bbox 937 4747 1060 4802; x_wconf 89' lang='lat' dir='ltr'>arcem</span> <span class='ocrx_word' id='word_1_250' title='bbox 1079 4723 1224 4800; x_wconf 86' lang='lat' dir='ltr'>Buden-</span> 
     </span>
    </p>
   </div>
   <div class='ocr_carea' id='block_1_5' title="bbox 0 0 1624 5228">
    <p class='ocr_par' dir='ltr' id='par_1_6' title="bbox 0 0 1624 5228">
     <span class='ocr_line' id='line_1_35' title="bbox 0 0 1624 5228; baseline 0 2"><span class='ocrx_word' id='word_1_251' title='bbox 0 0 1624 5228; x_wconf 95' lang='lat' dir='ltr'> </span> 
     </span>
    </p>
   </div>
  </div>
 </body>
</html>
