3226 5220
1115 467 1190 548 14t

93 665 280 740 scribebant
298 687 396 740 enno
418 660 520 742 1527
533 665 709 742 incarnis
728 665 904 768 priuium.
926 663 1018 742 Inde
1039 666 1186 764 quidem

96 789 243 868 loannes
262 791 376 869 Vitez
406 790 516 890 Calaj
537 815 578 869 se
597 815 822 888 congregem
849 814 931 868 eum
950 794 1136 890 equitibus
1155 802 1192 870 et

96 939 160 992 cum
180 918 367 1016 peditibus
394 941 548 994 numero
578 919 776 1015 quincenta
803 942 886 995 cum
915 919 1115 996 Traeianis
1134 921 1190 996 in·

98 1043 236 1120 cadebat
255 1051 386 1121 contra
404 1047 603 1144 optimates
622 1044 852 1121 dominorum
872 1046 920 1121 ad
937 1045 1191 1144 Kis·Warda;

98 1171 170 1266 quia
196 1171 256 1246 illi
282 1172 378 1247 latui
405 1172 583 1248 tenebant
622 1192 704 1246 cum
734 1172 971 1247 Ferdinando
1000 1172 1127 1270 Rege3
1156 1180 1193 1248 et
1312 1159 1315 1164 ¹

98 1295 168 1370 dum
193 1296 362 1373 Joannes
399 1298 512 1375 Vitez
542 1293 651 1393 Calej
681 1307 762 1373 eret
799 1321 881 1374 cum
910 1298 1057 1374 domino
1085 1299 1192 1396 Rege

99 1420 224 1499 loanne
257 1423 606 1521 Albe-Regalium,
646 1431 782 1500 extunc
819 1426 894 1524 ipsi
929 1425 1189 1504 Kis-Varden.

99 1547 370 1646 depredauerent
406 1550 652 1626 hereditatem
683 1575 800 1626 suam.
841 1552 892 1626 Et
929 1560 1082 1651 propter
1120 1552 1193 1628 hoe

101 1673 338 1753 ldis-Vardam
358 1699 481 1754 arcem
500 1674 690 1752 obsiderat
709 1684 746 1751 et
765 1684 980 1776 acceperet,
1001 1684 1038 1751 et
1056 1678 1096 1752 in
1114 1677 1192 1751 odi·

100 1822 205 1878 eroum
224 1803 319 1878 diem
340 1804 484 1880 exclusi
503 1810 589 1879 sunt
607 1801 745 1877 domini
765 1803 983 1880 Vardenses
1004 1810 1074 1878 etc.

389 2181 721 2285 (onncnunun
748 2182 888 2287 xnv.)

185 2437 345 2512 Posthac
363 2437 592 2513 reiteremus
611 2441 660 2512 ad
677 2440 822 2532 Regem
839 2441 865 2512 J
866 2459 1027 2534 oannem
1037 2441 1087 2512 ad
1103 2439 1194 2514 Stri-

100 2563 240 2652 gorsiam.
272 2559 397 2653 anm
417 2563 496 2659 jam
515 2564 697 2643 sensisset
716 2564 880 2661 seipsum
900 2563 1065 2658 demum,
1096 2563 1194 2660 quod

100 2707 158 2760 non
174 2688 237 2762 wlt
255 2711 473 2786 comparere
493 2689 628 2767 Petrus
646 2690 752 2766 Prini
765 2687 832 2792 (et)
845 2691 1070 2768 Valentinus
1089 2689 1191 2764 'l'be-

101 2809 173 2908 ret,
200 2813 425 2891 intrinsecus
443 2838 486 2890 se
505 2803 553 2890 'ed
576 2839 715 2892 morem
742 2817 898 2892 tristicie
926 2817 1106 2912 cogitauit
1133 2839 1192 2891 se·

101 2941 315 3038 metipsum,
342 2942 459 3037 elegit
476 2941 502 3018 J
504 2965 661 3018 oannem
681 2944 838 3043 Banffy,
859 2945 975 3038 elegit
993 2941 1193 3019 seeundum

100 3069 331 3159 perennaliter
349 3067 538 3144 Andream
559 3069 757 3165 doctorem,
779 3070 1022 3166 elegiteciam
1036 3071 1193 3146 tercium

15 3199 16 3216 ¹
101 3190 312 3292 Stephanum
331 3195 554 3292 Verbwchi‚
583 3202 624 3268 vt
643 3203 768 3272 essent
785 3197 901 3292 legati
921 3195 969 3271 ad
988 3196 1193 3271 Ferdinan-

100 3319 167 3394 dom
180 3321 340 3417 Regem.
367 3320 454 3396 Duo
483 3344 531 3396 ex
557 3321 641 3397 istis
659 3321 779 3398 tribus
798 3323 1015 3418 voluerunt,
1044 3323 1101 3398 sel
1129 3347 1192 3399 ne-

101 3469 265 3546 quaquam
285 3449 499 3548 Stephanus
518 3449 719 3548 Verbwchj
744 3451 914 3546 volebat,
944 3451 1032 3547 quia
1051 3451 1193 3528 sciehat

101 3597 167 3652 ease
185 3573 416 3676 Stephanum
436 3575 551 3650 Baton
579 3574 766 3650 crudelem
786 3581 823 3649 et
839 3575 1073 3669 instabilem,
1104 3577 1192 3672 quia

100 3701 244 3800 legatum
273 3729 348 3781 non
377 3705 486 3778 debet
513 3702 742 3798 interficere,
771 3703 837 3779 ssd
863 3703 946 3801 ipse
968 3703 1193 3780 interficeret

101 3853 155 3908 ne.
173 3837 222 3910 Et
240 3835 325 3910 Rex
343 3829 524 3907 Hoannes
544 3831 696 3930 scripsit
715 3832 911 3929 epistolam
930 3831 978 3906 ad
987 3831 1191 3908 Ferdinan-

101 3959 191 4059 dom,
211 3963 337 4038 etheo
365 3967 474 4034 erat:
498 3957 674 4056 „Suplico
703 3967 740 4034 et
767 3960 921 4036 obsecro
951 3961 998 4034 ob
1027 3939 1190 4034 amorem

101 4085 159 4162 Dei
181 4087 445 4186 omnipotentis
473 4091 510 4160 et
537 4083 702 4182 ejusdem
729 4084 969 4179 genitricem,
998 4107 1045 4158 ne
1073 4085 1195 4194 intres¹

15 4263 16 4306 p
99 4223 210 4292 contra
237 4239 296 4290 me
325 4212 374 4287 ad
401 4211 659 4308 Hungariem,
688 4217 725 4284 et
751 4211 916 4286 intrusus
941 4233 988 4287 ne
1007 4212 1061 4287 sis
1080 4212 1190 4288 subin

15 4417 16 4434 p
100 4343 216 4416 ahiam
225 4363 401 4417 coronam
411 4339 623 4434 angelicam
633 4337 909 4435 Huugarornm
931 4339 1107 4435 quoniam
1119 4361 1189 4435 ego

100 4488 167 4542 cnm
183 4467 266 4544 Rex
292 4466 489 4562 Hnngarie
508 4466 589 4542 siue
612 4488 680 4563 per
697 4467 776 4560 ias,
805 4466 887 4541 sine
905 4487 973 4564 per
991 4466 1109 4542 nefas.
1139 4465 1190 4539 Et

103 4591 238 4692 insuper
257 4617 304 4670 ne
321 4593 509 4691 suscipias
535 4591 694 4668 consilia
724 4591 977 4690 proditoribus
1002 4592 1115 4688 meis,
1142 4613 1189 4665 ne

104 4725 182 4795 etto
198 4721 353 4836 tenteris
380 4720 428 4796 ab
447 4719 503 4795 eis
521 4717 686 4813 demum,
715 4717 813 4794 sieut
830 4725 868 4793 ct
885 4741 979 4902 elgar}
997 4718 1095 4812 Quia
1109 4720 1188 4815 jam
