3260 5226
1162 495 1240 578 849

121 721 208 792 gem
234 697 424 776 muniebat
455 717 569 797 super
597 721 639 774 se
666 719 799 776 aream.
828 693 1110 776 Varadieusem.
1150 697 1242 774 Inde

119 828 240 902 frater
260 824 470 922 Georgius,
497 826 596 923 quod
614 826 780 904 audisset
799 821 1006 919 Georgium
1025 822 1184 906 Horwat
1202 826 1241 900 in

120 952 288 1048 Zeghed,
309 975 384 1030 nou
403 954 574 1053 permisit
592 953 640 1030 ad
658 952 802 1049 Regem
817 953 872 1028 ire
890 951 990 1046 ilioo,
1014 947 1085 1052 ¹⁰⁴⁸?
1109 950 1176 1028 sed
1195 951 1242 1028 ad

123 1102 169 1152 se
188 1077 377 1156 diuertere
396 1080 539 1158 ieoerat
557 1081 603 1156 de
620 1079 817 1156 itineribus
836 1077 914 1154 suis
933 1077 980 1154 ad
998 1077 1240 1154 Varodiuum.

124 1204 178 1278 Et
196 1213 276 1281 tota
295 1205 400 1282 ouria
418 1207 515 1284 iuter
534 1229 603 1284 uos
621 1207 910 1300 admirabamur,
930 1203 1029 1300 quod
1047 1203 1092 1278 de
1113 1205 1176 1280 via
1194 1203 1241 1280 ad

121 1330 358 1408 Varadinum
386 1332 602 1408 diuertisset
619 1353 661 1408 se
686 1329 878 1426 Georgius
896 1328 1065 1406 Horwat.
1095 1329 1241 1406 Extune

122 1457 177 1532 ibi
205 1480 318 1532 unam
355 1457 554 1556 epistolam
590 1457 758 1533 fecerant
795 1455 1031 1532 oouseribere
1058 1477 1140 1530 eum
1168 1477 1241 1530 vno

122 1583 326 1659 soolastieo
354 1585 523 1678 Valaeo,
552 1607 662 1681 quem
681 1591 719 1658 et
737 1605 808 1678 ego
827 1583 1027 1658 nosoebam
1048 1581 1148 1680 apud
1166 1581 1240 1658 Re-

120 1733 209 1805 gem
238 1711 354 1788 Bude.
393 1711 529 1796 Frater
566 1709 759 1807 Georgius
795 1711 939 1786 iecerat
973 1710 1140 1786 seribere
1173 1709 1240 1786 tali

122 1839 232 1914 modo
252 1861 336 1914 oum
355 1841 556 1916 soolastieo
576 1839 734 1934 Valaeo,
755 1837 853 1935 quod
871 1837 905 1914 si
924 1834 1045 1914 Cesar
1059 1837 1243 1915 scriberet

121 1965 171 2040 ad
190 1965 333 2062 Regem
361 1965 547 2044 Joauuem
575 1965 758 2064 iuoipiens
787 1965 872 2040 sio:
897 1963 1051 2060 „Amioe
1070 1971 1109 2038 et
1125 1964 1243 2042 irater

122 2092 215 2168 mihi
236 2092 490 2170 obseruanda!
521 2091 605 2187 Ego
624 2092 738 2167 miror
757 2096 946 2188 superte,
975 2089 1073 2186 quod
1091 2112 1165 2166 nou
1183 2091 1242 2166 vis

121 2218 284 2315 vigilare
312 2221 382 2297 sub
418 2227 613 2318 pastoratu
649 2225 713 2293 tuo
742 2217 790 2292 ad
816 2217 946 2312 gregis
973 2222 1069 2292 tuos.
1106 2216 1242 2294 Neseis

123 2349 221 2425 vnde
238 2355 276 2424 te
296 2347 488 2442 devorent,
511 2353 549 2422 et
567 2369 786 2424 eousumere
804 2353 842 2421 te
860 2345 1001 2420 volunt.
1022 2343 1132 2436 Quod
1150 2344 1240 2420 mibi

121 2473 293 2574 promisit
311 2474 401 2550 dare
419 2473 465 2549 de
484 2473 764 2550 Transilwania
792 2471 966 2572 vayvoda
991 2470 1158 2571 Maylat,
1186 2471 1241 2548 di-

122 2626 226 2698 eam3
247 2603 423 2678 videlieet
441 2603 621 2678 tricentos
638 2623 776 2699 pueros
795 2601 896 2676 omni
914 2622 1033 2692 anuo,
1059 2605 1097 2674 et
1114 2598 1241 2676 deoem

122 2730 230 2804 milia
248 2729 416 2806 markas.
437 2727 540 2825 Ergo
559 2729 685 2804 statim
704 2726 798 2804 visis
817 2725 1056 2824 presentibus
1074 2726 1241 2824 aoeeptis

122 2855 320 2952 ingredere
357 2855 495 2932 debeas
532 2856 753 2930 cumomni
793 2863 927 2952 paratu
964 2853 1156 2930 bellieosis
1192 2851 1240 2926 ad

122 2981 480 3076 Treussilwauiam,
519 2989 558 3056 et
585 2982 699 3058 debes
735 2981 925 3076 corrigere
952 3002 1039 3074 eos3
1067 3001 1178 3076 quam
1206 2978 1239 3054 si

121 3110 208 3204 dos,
238 3109 509 3186 demonstrabit
537 3107 748 3203 Regiestati
782 3108 944 3184 vestre.“
985 3106 1037 3180 Et
1058 3107 1137 3202 jam
1165 3105 1240 3182 ista

122 3238 284 3335 epistola
312 3243 394 3311 erat
419 3235 588 3332 sigillata
616 3257 698 3310 eum
724 3256 846 3334 paruo
874 3233 1001 3328 sigillo
1030 3232 1238 3308 'l'uroarum

122 3361 290 3440 Cesaris.
317 3363 369 3436 Et
387 3362 450 3459 qui
470 3370 576 3438 eraut
594 3361 693 3459 apud
721 3361 886 3456 Regem,
917 3383 1002 3436 mox
1030 3360 1238 3438 oouiorma-

121 3491 211 3568 baut
239 3488 359 3582 eirea,
379 3487 412 3564 si
432 3495 490 3562 est
507 3509 599 3562 vera
617 3492 682 3561 aut
699 3484 797 3561 fieta.
828 3485 879 3559 Et
906 3484 963 3560 sie
981 3485 1027 3560 de
1045 3485 1238 3563 Varadiuo

121 3623 340 3713 portauerat
366 3613 598 3710 legaeionem
617 3613 823 3690 Turearum
853 3609 1009 3688 Cesaris
1027 3612 1076 3688 ad
1093 3611 1237 3688 Budam

121 3740 342 3839 Regiestati.
372 3739 472 3832 Quia
501 3737 692 3836 Georgius
719 3739 879 3816 Horwat
905 3763 979 3816 uou
1003 3739 1103 3838 apud
1121 3737 1237 3816 Gesa-

120 3893 217 3964 rem,
248 3867 315 3946 sed
338 3859 495 3944 tantum
510 3873 602 3964 aput
629 3865 873 3942 Mehmetbek
901 3887 971 3962 pro
991 3865 1120 3964 spaeio
1148 3869 1271 3942 eon-⁶

120 3995 322 4074 solaeionis
340 3995 463 4072 iuerat
480 4000 644 4090 tautum3
664 3999 745 4070 erat
762 3993 908 4091 ipotris.

226 4120 349 4214 Quum
368 4121 489 4198 allata
508 4129 589 4198 erat
608 4121 770 4220 epistola
789 4119 943 4196 Gesaris
961 4118 1169 4195 'Puroarum
1188 4117 1236 4194 ad

121 4270 253 4324 manus
281 4247 535 4346 Regiestatis‚
575 4272 660 4327 mox
687 4271 830 4346 pauper
857 4245 940 4322 Rex
976 4245 1234 4336 admiraretur,

121 4375 217 4472 quod
251 4374 353 4451 filius
388 4375 631 4474 baptismalis
669 4375 804 4450 Mailat
838 4374 932 4450 talia
966 4373 1236 4472 composuisset

122 4509 251 4578 eontra
279 4499 422 4598 Regem
449 4500 647 4578 Joanuem.
676 4501 921 4598 Nequaquam
949 4499 1125 4576 credebat
1150 4497 1235 4574 Rex

123 4651 274 4727 pauper,
294 4627 362 4706 sed
381 4651 463 4722 eum
482 4628 652 4724 sigillum
670 4634 852 4705 seeretum
877 4625 1031 4705 Cesaris
1049 4625 1233 4722 intuisset,

123 4755 286 4832 eredidit.
318 4757 369 4830 Et
387 4756 577 4832 nesciebat
596 4754 699 4850 Rex,
720 4757 818 4854 quod
837 4779 903 4832 era
920 4755 1088 4856 praetioa
1107 4779 1232 4832 mouu-
