3248 5210
1161 491 1212 570 st

122 688 240 764 imitat
257 689 306 764 ad
323 687 549 765 sedecimum
576 687 674 764 diem
702 688 946 766 intromittam
965 713 1026 786 se,
1057 714 1139 768 eum
1153 695 1214 790 ju·

121 837 236 890 uameu
254 815 346 892 mihi
365 815 557 912 negligere
576 815 800 892 uolueriut.“
822 815 946 907 Quum
965 818 1123 896 audieus
1141 819 1214 895 Ba·

121 943 280 1018 limbassa
308 965 394 1018 mex
421 941 584 1017 eueurrit
611 941 659 1016 ad
677 941 864 1018 domiuum
891 963 999 1020 suum
1026 947 1216 1042 gratulatu

123 1069 247 1160 auimo,
278 1076 316 1144 et
352 1067 613 1168 pronuneiauit
639 1068 708 1142 teli
737 1068 845 1146 modo
874 1069 1022 1148 domino
1060 1095 1149 1168 su03
1179 1079 1217 1148 et

122 1197 228 1272 stetim
247 1195 388 1274 Gessar
406 1195 496 1272 feeit
520 1195 692 1271 ordinare
712 1203 749 1271 et
767 1196 930 1273 seribere
949 1220 1063 1296 super
1080 1221 1215 1298 perga·

123 1345 211 1398 meno
229 1323 315 1399 albo
335 1345 418 1398 eum
437 1344 528 1398 auru
547 1320 708 1418 fulgido,
736 1323 824 1420 quia
843 1321 962 1401 Cesar
981 1325 1124 1402 seiebat
1136 1328 1216 1424 jam

123 1449 251 1526 modum
278 1447 565 1546 Huugarorum,
595 1449 694 1546 quod
720 1449 886 1546 gaudent
910 1451 1067 1550 pieturis
1091 1452 1217 1528 aureis

122 1577 239 1654 titteris
265 1576 453 1673 Huugari.
492 1577 543 1652 Et
571 1571 626 1652 sie
652 1577 826 1674 promisit
853 1577 888 1652 ei
916 1579 1034 1654 multa
1060 1577 1150 1654 dare
1177 1579 1215 1654 iu

123 1727 331 1802 pergameno
350 1706 421 1782 sub
439 1703 566 1801 sigillo
586 1726 676 1800 su03
695 1705 762 1780 sed
780 1705 923 1780 nullum
942 1705 1109 1804 implere,
1130 1705 1218 1803 quia

123 1831 287 1930 prophete
304 1831 472 1930 ipsorum
490 1831 674 1908 cummisit
693 1831 821 1908 diceus
843 1831 899 1930 „si
918 1855 993 1908 non
1012 1855 1095 1908 eum
1114 1856 1219 1910 arma

123 1965 250 2052 uestra,
278 1965 367 2034 tune
385 1979 469 2032 eum
487 1956 559 2033 fide
578 1963 616 2033 et
634 1959 808 2034 faueueia
833 1959 969 2055 verba,
997 1961 1052 2037 nil
1070 1961 1219 2058 eulpam

123 2081 290 2161 habebitis
309 2085 348 2159 iu
367 2083 475 2158 hoe.“
504 2083 556 2158 Et
574 2084 740 2182 portauit
756 2084 905 2162 litteras
924 2109 1059 2162 aureas
1077 2086 1218 2162 Belim-

124 2211 235 2304 haem,
256 2217 293 2285 et
310 2209 467 2307 iusuper
486 2231 509 2284 a
528 2207 671 2286 (iesure
690 2209 899 2286 Turearum
917 2233 1072 2288 munera
1090 2214 1218 2288 multa.

211 2337 298 2414 Jam
326 2334 515 2432 gaudebat
543 2335 688 2412 Blesko
703 2317 785 2434 pro
810 2337 936 2414 eureis
954 2337 1147 2416 litteris‘et
1165 2337 1219 2414 di·

124 2465 228 2540 uersis
250 2463 486 2557 muneribus,
508 2469 546 2538 et
565 2485 720 2560 eumque
739 2465 936 2563 sepissime
955 2465 1103 2544 Tereus
1121 2467 1219 2542 sule-

123 2591 175 2664 bat
191 2589 317 2666 venire
337 2588 386 2663 ad
404 2611 538 2684 artem,
558 2589 782 2688 permitebat
798 2589 953 2668 intrare.
963 2591 1015 2668 Et
1023 2592 1101 2687 alii,
1122 2593 1222 2690 quod

124 2715 282 2792 uidebant
299 2715 436 2791 iutrau.
456 2715 505 2790 ad
522 2717 691 2812 regalem
710 2697 835 2792 areem
853 2717 1028 2813 Tureum‚
1045 2719 1109 2794 vbi
1124 2741 1221 2796 vnus

25 2851 26 2898 t
124 2843 268 2940 quinque
288 2843 443 2938 duobus,
464 2844 580 2919 tersio
598 2850 782 2920 venerant
800 2851 943 2942 septem
960 2844 999 2920 iu
1015 2867 1220 2926 numerum.
1282 2857 1285 2868 ’

126 2969 164 3044 Et
179 2992 289 3046 uuum
308 2969 446 3046 nudum
465 2969 628 3044 Tureum
658 2993 771 3068 super
798 2968 974 3048 humeros
1001 2993 1089 3049 euos
1106 2970 1220 3047 vehe-

125 3097 218 3188 hant,
247 3105 284 3172 et
312 3095 487 3171 dicebant
513 3093 630 3170 Turei
667 3100 836 3170 sanetum
872 3095 1095 3195 prohpetam
1122 3120 1220 3194 esse,

25 3197 26 3280 i
124 3245 205 3299 mue
223 3223 370 3299 nouiter
389 3220 619 3317 surrexisse,
640 3227 678 3296 et
695 3223 823 3298 futura
840 3222 1020 3320 predicet.
1051 3225 1103 3300 Et
1120 3227 1222 3302 fama

126 3350 218 3426 ualde
238 3350 392 3446 uigebat
409 3347 449 3423 in
466 3347 684 3444 Huugaria,
711 3355 749 3424 et
766 3349 865 3444 quod
882 3349 1142 3446 indulgencias
1161 3375 1219 3428 se·

126 3483 306 3570 queretur,
333 3481 370 3550 et
388 3475 595 3572 apparebat
621 3474 742 3550 nudus
768 3475 935 3552 totaliter
963 3499 1046 3552 eum
1073 3477 1220 3577 priapo.

129 3601 166 3676 Et
181 3603 348 3701 permisit
374 3600 514 3677 intrare
533 3625 598 3677 eos
618 3623 700 3676 eum
729 3607 894 3680 monstro
923 3603 1090 3698 latrone,
1119 3611 1157 3680 et
1175 3605 1221 3680 de

126 3729 259 3806 ciuitate
287 3730 409 3825 ulgus
437 3729 631 3826 tugiebaut
655 3728 704 3803 ad
731 3729 864 3804 mirum
893 3725 941 3830 ²¹¹).
971 3727 1132 3822 Quidam
1161 3754 1219 3806 se-

130 3857 237 3934 riores
256 3857 449 3932 ciuitatum
469 3855 642 3930 dicebant
662 3881 671 3928 τ
695 3852 752 3952 „0
772 3876 883 3953 quam
901 3855 1064 3932 maxima
1092 3863 1149 3932 est
1166 3857 1222 3932 ia-

127 3983 222 4060 tuitas
239 3983 334 4060 est.“
357 3978 664 4080 Offieialibus²⁸·l
681 4003 756 4057 uon
775 3989 868 4078 erat,
888 3983 977 4080 quia
990 3984 1070 4080 jem
1088 3984 1221 4060 iattum

130 4119 204 4186 erat.
223 4113 272 4187 Et
291 4109 369 4208 ipsi
388 4110 514 4204 Turpi,
535 4110 599 4207 qui
618 4109 806 4187 vehebant
824 4109 961 4186 nudum
978 4109 1219 4209 prophetam:

132 4235 239 4334 ,Ergo
266 4237 441 4314 duximus
470 4257 574 4324 eum,
603 4241 643 4310 vt
671 4241 710 4310 et'
735 4235 843 4312 vobis
871 4235 1032 4334 predieit
1052 4237 1217 4314 ·sutura.“

130 4361 335 4442 Dimolinus
363 4364 455 4440 dicit
473 4365 619 4459 t'utura,
640 4364 740 4460 quod
752 4365 833 4462 jem
851 4363 989 4439 iaetum
1008 4363 1133 4440 tuerat
1150 4364 1221 4442 Ce-

129 4513 179 4566 sar
203 4517 280 4568 eum
309 4493 459 4570 Joamre
488 4491 651 4590 uajuuda
678 4498 716 4566 et
743 4513 826 4566 eum
855 4487 1000 4566 Blusko
1028 4511 1113 4566 sese
1140 4512 1222 4568 uum

25 4823 26 4830 κ
159 4783 178 4845 'l
197 4733 273 4839 Aru
294 4792 448 4846 „murum.“
