<?xml version="1.0" encoding="UTF-8"?>
<!DOCTYPE html PUBLIC "-//W3C//DTD XHTML 1.0 Transitional//EN"
    "http://www.w3.org/TR/xhtml1/DTD/xhtml1-transitional.dtd">
<html xmlns="http://www.w3.org/1999/xhtml" xml:lang="en" lang="en">
 <head>
  <title>
</title>
<meta http-equiv="Content-Type" content="text/html;charset=utf-8" />
  <meta name='ocr-system' content='tesseract 3.04.00' />
  <meta name='ocr-capabilities' content='ocr_page ocr_carea ocr_par ocr_line ocrx_word'/>
</head>
<body>
  <div class='ocr_page' id='page_1' title='image "./emlkiratamagyar00wenzgoog_0179.png"; bbox 0 0 3248 5210; ppageno 0'>
   <div class='ocr_carea' id='block_1_1' title="bbox 388 487 462 570">
    <p class='ocr_par' dir='ltr' id='par_1_1' title="bbox 388 487 462 570">
     <span class='ocr_line' id='line_1_1' title="bbox 388 487 462 570; baseline -0.027 0"><span class='ocrx_word' id='word_1_1' title='bbox 388 487 462 570; x_wconf 81' lang='lat'><strong>132</strong></span> 
     </span>
    </p>
   </div>
   <div class='ocr_carea' id='block_1_2' title="bbox 387 677 1518 4834">
    <p class='ocr_par' dir='ltr' id='par_1_2' title="bbox 387 677 1518 2290">
     <span class='ocr_line' id='line_1_2' title="bbox 387 677 1513 788; baseline -0.006 -23"><span class='ocrx_word' id='word_1_2' title='bbox 387 690 498 785; x_wconf 83' lang='lat' dir='ltr'><strong>mine,</strong></span> <span class='ocrx_word' id='word_1_3' title='bbox 517 689 589 766; x_wconf 87' lang='lat' dir='ltr'><strong>iste</strong></span> <span class='ocrx_word' id='word_1_4' title='bbox 608 689 789 788; x_wconf 86' lang='lat' dir='ltr'><strong>Pestieny</strong></span> <span class='ocrx_word' id='word_1_5' title='bbox 807 684 917 764; x_wconf 88' lang='lat' dir='ltr'><strong>valde</strong></span> <span class='ocrx_word' id='word_1_6' title='bbox 935 693 994 762; x_wconf 87' lang='lat' dir='ltr'><strong>est</strong></span> <span class='ocrx_word' id='word_1_7' title='bbox 1011 682 1206 786; x_wconf 79' lang='lat' dir='ltr'><strong>prodigus,</strong></span> <span class='ocrx_word' id='word_1_8' title='bbox 1227 677 1418 781; x_wconf 88' lang='lat' dir='ltr'><strong>quodiam</strong></span> <span class='ocrx_word' id='word_1_9' title='bbox 1438 679 1513 758; x_wconf 85' lang='lat' dir='ltr'><strong>de-</strong></span> 
     </span>
     <span class='ocr_line' id='line_1_3' title="bbox 389 811 1516 913; baseline -0.004 -23"><span class='ocrx_word' id='word_1_10' title='bbox 389 839 467 903; x_wconf 78' lang='lat' dir='ltr'><strong>cem</strong></span> <span class='ocrx_word' id='word_1_11' title='bbox 497 839 566 895; x_wconf 86' lang='lat' dir='ltr'><strong>vas</strong></span> <span class='ocrx_word' id='word_1_12' title='bbox 594 816 668 890; x_wconf 88' lang='lat' dir='ltr'><strong>mel</strong></span> <span class='ocrx_word' id='word_1_13' title='bbox 696 815 840 890; x_wconf 90' lang='lat' dir='ltr'><strong>decima</strong></span> <span class='ocrx_word' id='word_1_14' title='bbox 867 815 1044 913; x_wconf 84' lang='lat' dir='ltr'><strong>impleuit,</strong></span> <span class='ocrx_word' id='word_1_15' title='bbox 1065 821 1103 888; x_wconf 89' lang='lat' dir='ltr'><strong>ct</strong></span> <span class='ocrx_word' id='word_1_16' title='bbox 1120 835 1249 889; x_wconf 86' lang='lat' dir='ltr'><strong>verres</strong></span> <span class='ocrx_word' id='word_1_17' title='bbox 1278 812 1437 888; x_wconf 84' lang='lat' dir='ltr'><strong>ducenta</strong></span> <span class='ocrx_word' id='word_1_18' title='bbox 1459 811 1516 887; x_wconf 87' lang='lat' dir='ltr'><strong>ad</strong></span> 
     </span>
     <span class='ocr_line' id='line_1_4' title="bbox 389 942 1516 1040; baseline -0.004 -20"><span class='ocrx_word' id='word_1_19' title='bbox 389 943 535 1022; x_wconf 86' lang='lat' dir='ltr'><strong>domum</strong></span> <span class='ocrx_word' id='word_1_20' title='bbox 553 967 659 1021; x_wconf 90' lang='lat' dir='ltr'><strong>suam</strong></span> <span class='ocrx_word' id='word_1_21' title='bbox 679 943 872 1022; x_wconf 85' lang='lat' dir='ltr'><strong>Martonos</strong></span> <span class='ocrx_word' id='word_1_22' title='bbox 891 942 1049 1039; x_wconf 86' lang='lat' dir='ltr'><strong>reduxit,</strong></span> <span class='ocrx_word' id='word_1_23' title='bbox 1070 950 1107 1018; x_wconf 89' lang='lat' dir='ltr'><strong>et</strong></span> <span class='ocrx_word' id='word_1_24' title='bbox 1124 943 1276 1040; x_wconf 85' lang='lat' dir='ltr'><strong>insuper</strong></span> <span class='ocrx_word' id='word_1_25' title='bbox 1286 943 1324 1016; x_wconf 94' lang='lat' dir='ltr'><strong>in</strong></span> <span class='ocrx_word' id='word_1_26' title='bbox 1331 963 1516 1040; x_wconf 86' lang='lat' dir='ltr'><strong>pecunys</strong></span> 
     </span>
     <span class='ocr_line' id='line_1_5' title="bbox 389 1067 1516 1168; baseline -0.004 -21"><span class='ocrx_word' id='word_1_27' title='bbox 389 1093 456 1147; x_wconf 83' lang='lat' dir='ltr'><strong>sex</strong></span> <span class='ocrx_word' id='word_1_28' title='bbox 475 1070 580 1146; x_wconf 92' lang='lat' dir='ltr'><strong>milia</strong></span> <span class='ocrx_word' id='word_1_29' title='bbox 599 1069 752 1146; x_wconf 85' lang='lat' dir='ltr'><strong>markas</strong></span> <span class='ocrx_word' id='word_1_30' title='bbox 771 1077 922 1168; x_wconf 85' lang='lat' dir='ltr'><strong>portare</strong></span> <span class='ocrx_word' id='word_1_31' title='bbox 940 1069 1030 1145; x_wconf 83' lang='lat' dir='ltr'><strong>fecit</strong></span> <span class='ocrx_word' id='word_1_32' title='bbox 1048 1091 1130 1144; x_wconf 86' lang='lat' dir='ltr'><strong>oum</strong></span> <span class='ocrx_word' id='word_1_33' title='bbox 1140 1067 1166 1144; x_wconf 86' lang='lat' dir='ltr'><strong>J</strong></span> <span class='ocrx_word' id='word_1_34' title='bbox 1168 1088 1288 1144; x_wconf 88' lang='lat' dir='ltr'><strong>oannc</strong></span> <span class='ocrx_word' id='word_1_35' title='bbox 1305 1068 1516 1166; x_wconf 87' lang='lat' dir='ltr'><strong>capellano</strong></span> 
     </span>
     <span class='ocr_line' id='line_1_6' title="bbox 388 1195 1515 1274; baseline -0.004 -3"><span class='ocrx_word' id='word_1_36' title='bbox 388 1219 467 1274; x_wconf 87' lang='lat' dir='ltr'><strong>suo.</strong></span> <span class='ocrx_word' id='word_1_37' title='bbox 497 1197 548 1273; x_wconf 81' lang='lat' dir='ltr'><strong>Et</strong></span> <span class='ocrx_word' id='word_1_38' title='bbox 575 1197 744 1274; x_wconf 90' lang='lat' dir='ltr'><strong>dominus</strong></span> <span class='ocrx_word' id='word_1_39' title='bbox 771 1196 1109 1273; x_wconf 88' lang='lat' dir='ltr'><strong>reuerendissimus</strong></span> <span class='ocrx_word' id='word_1_40' title='bbox 1144 1195 1389 1272; x_wconf 87' lang='lat' dir='ltr'><strong>Varadiensis</strong></span> <span class='ocrx_word' id='word_1_41' title='bbox 1418 1217 1515 1270; x_wconf 89' lang='lat' dir='ltr'><strong>sen·</strong></span> 
     </span>
     <span class='ocr_line' id='line_1_7' title="bbox 388 1321 1515 1422; baseline -0.005 -20"><span class='ocrx_word' id='word_1_42' title='bbox 388 1335 491 1409; x_wconf 90' lang='lat' dir='ltr'><strong>ciens</strong></span> <span class='ocrx_word' id='word_1_43' title='bbox 509 1324 607 1422; x_wconf 86' lang='lat' dir='ltr'><strong>qnod</strong></span> <span class='ocrx_word' id='word_1_44' title='bbox 625 1347 753 1398; x_wconf 89' lang='lat' dir='ltr'><strong>verum</strong></span> <span class='ocrx_word' id='word_1_45' title='bbox 772 1329 891 1417; x_wconf 87' lang='lat' dir='ltr'><strong>esset,</strong></span> <span class='ocrx_word' id='word_1_46' title='bbox 922 1322 1009 1419; x_wconf 88' lang='lat' dir='ltr'><strong>quia</strong></span> <span class='ocrx_word' id='word_1_47' title='bbox 1035 1321 1159 1398; x_wconf 84' lang='lat' dir='ltr'><strong>statim</strong></span> <span class='ocrx_word' id='word_1_48' title='bbox 1190 1329 1418 1398; x_wconf 78' lang='lat' dir='ltr'><strong>scrutatores</strong></span> <span class='ocrx_word' id='word_1_49' title='bbox 1436 1323 1515 1396; x_wconf 89' lang='lat' dir='ltr'><strong>mi-</strong></span> 
     </span>
     <span class='ocr_line' id='line_1_8' title="bbox 389 1447 1515 1553; baseline -0.01 -18"><span class='ocrx_word' id='word_1_50' title='bbox 389 1463 491 1536; x_wconf 88' lang='lat' dir='ltr'><strong>serat</strong></span> <span class='ocrx_word' id='word_1_51' title='bbox 508 1475 576 1553; x_wconf 90' lang='lat' dir='ltr'><strong>per</strong></span> <span class='ocrx_word' id='word_1_52' title='bbox 595 1450 789 1527; x_wconf 86' lang='lat' dir='ltr'><strong>comitates</strong></span> <span class='ocrx_word' id='word_1_53' title='bbox 816 1447 1028 1548; x_wconf 87' lang='lat' dir='ltr'><strong>prouincie‚</strong></span> <span class='ocrx_word' id='word_1_54' title='bbox 1059 1457 1095 1523; x_wconf 89' lang='lat' dir='ltr'><strong>et</strong></span> <span class='ocrx_word' id='word_1_55' title='bbox 1122 1449 1321 1547; x_wconf 78' lang='lat' dir='ltr'><strong>plusquam</strong></span> <span class='ocrx_word' id='word_1_56' title='bbox 1338 1449 1515 1546; x_wconf 82' lang='lat' dir='ltr'><strong>reperie-</strong></span> 
     </span>
     <span class='ocr_line' id='line_1_9' title="bbox 389 1571 1516 1678; baseline -0.009 -18"><span class='ocrx_word' id='word_1_57' title='bbox 389 1587 481 1660; x_wconf 83' lang='lat' dir='ltr'>bant</span> <span class='ocrx_word' id='word_1_58' title='bbox 508 1602 618 1678; x_wconf 88' lang='lat' dir='ltr'><strong>quam</strong></span> <span class='ocrx_word' id='word_1_59' title='bbox 636 1571 716 1671; x_wconf 80' lang='lat' dir='ltr'><strong>&#39;ego</strong></span> <span class='ocrx_word' id='word_1_60' title='bbox 736 1574 915 1651; x_wconf 86' lang='lat' dir='ltr'><strong>dicebam.</strong></span> <span class='ocrx_word' id='word_1_61' title='bbox 936 1576 1006 1670; x_wconf 84' lang='lat' dir='ltr'><strong>Et,</strong></span> <span class='ocrx_word' id='word_1_62' title='bbox 1026 1575 1081 1658; x_wconf 88' lang='lat' dir='ltr'><strong>sio</strong></span> <span class='ocrx_word' id='word_1_63' title='bbox 1099 1576 1138 1650; x_wconf 91' lang='lat' dir='ltr'><strong>in</strong></span> <span class='ocrx_word' id='word_1_64' title='bbox 1157 1599 1250 1650; x_wconf 86' lang='lat' dir='ltr'><strong>cena</strong></span> <span class='ocrx_word' id='word_1_65' title='bbox 1268 1575 1305 1650; x_wconf 92' lang='lat' dir='ltr'><strong>in</strong></span> <span class='ocrx_word' id='word_1_66' title='bbox 1333 1573 1516 1672; x_wconf 88' lang='lat' dir='ltr'><strong>hospicio</strong></span> 
     </span>
     <span class='ocr_line' id='line_1_10' title="bbox 391 1701 1518 1809; baseline -0.007 -23"><span class='ocrx_word' id='word_1_67' title='bbox 391 1706 589 1809; x_wconf 89' lang='lat' dir='ltr'><strong>prospaeio</strong></span> <span class='ocrx_word' id='word_1_68' title='bbox 616 1701 852 1796; x_wconf 82' lang='lat' dir='ltr'><strong>fabulabam,</strong></span> <span class='ocrx_word' id='word_1_69' title='bbox 875 1709 911 1778; x_wconf 92' lang='lat' dir='ltr'><strong>et</strong></span> <span class='ocrx_word' id='word_1_70' title='bbox 929 1710 1130 1801; x_wconf 88' lang='lat' dir='ltr'><strong>propterea</strong></span> <span class='ocrx_word' id='word_1_71' title='bbox 1147 1725 1274 1778; x_wconf 88' lang='lat' dir='ltr'><strong>curam</strong></span> <span class='ocrx_word' id='word_1_72' title='bbox 1293 1701 1518 1778; x_wconf 78' lang='lat' dir='ltr'><strong>adhibeatis</strong></span> 
     </span>
     <span class='ocr_line' id='line_1_11' title="bbox 390 1826 1516 1928; baseline -0.006 -17"><span class='ocrx_word' id='word_1_73' title='bbox 390 1837 436 1912; x_wconf 91' lang='lat' dir='ltr'><strong>de</strong></span> <span class='ocrx_word' id='word_1_74' title='bbox 473 1832 620 1909; x_wconf 91' lang='lat' dir='ltr'><strong>domino</strong></span> <span class='ocrx_word' id='word_1_75' title='bbox 657 1828 854 1906; x_wconf 87' lang='lat' dir='ltr'><strong>vaiuoda.“</strong></span> <span class='ocrx_word' id='word_1_76' title='bbox 893 1828 1080 1906; x_wconf 85' lang='lat' dir='ltr'><strong>Dixerunt</strong></span> <span class='ocrx_word' id='word_1_77' title='bbox 1115 1829 1190 1928; x_wconf 92' lang='lat' dir='ltr'><strong>ipsi</strong></span> <span class='ocrx_word' id='word_1_78' title='bbox 1217 1828 1374 1928; x_wconf 81' lang='lat' dir='ltr'><strong>predicti</strong></span> <span class='ocrx_word' id='word_1_79' title='bbox 1411 1826 1516 1904; x_wconf 88' lang='lat' dir='ltr'><strong>viri:</strong></span> 
     </span>
     <span class='ocr_line' id='line_1_12' title="bbox 395 1953 1516 2065; baseline -0.006 -28"><span class='ocrx_word' id='word_1_80' title='bbox 395 1960 577 2065; x_wconf 81' lang='lat' dir='ltr'><strong>„Domine</strong></span> <span class='ocrx_word' id='word_1_81' title='bbox 596 1963 703 2057; x_wconf 89' lang='lat' dir='ltr'><strong>pater</strong></span> <span class='ocrx_word' id='word_1_82' title='bbox 723 1953 879 2052; x_wconf 80' lang='lat' dir='ltr'><strong>Georgi,</strong></span> <span class='ocrx_word' id='word_1_83' title='bbox 900 1957 974 2031; x_wconf 86' lang='lat' dir='ltr'><strong>iam</strong></span> <span class='ocrx_word' id='word_1_84' title='bbox 994 1980 1067 2032; x_wconf 91' lang='lat' dir='ltr'><strong>non</strong></span> <span class='ocrx_word' id='word_1_85' title='bbox 1086 1964 1145 2034; x_wconf 87' lang='lat' dir='ltr'><strong>est</strong></span> <span class='ocrx_word' id='word_1_86' title='bbox 1163 1978 1272 2055; x_wconf 86' lang='lat' dir='ltr'><strong>puer,</strong></span> <span class='ocrx_word' id='word_1_87' title='bbox 1293 1955 1408 2031; x_wconf 90' lang='lat' dir='ltr'><strong>habet</strong></span> <span class='ocrx_word' id='word_1_88' title='bbox 1426 1961 1516 2030; x_wconf 84' lang='lat' dir='ltr'><strong>cta-</strong></span> 
     </span>
     <span class='ocr_line' id='line_1_13' title="bbox 390 2082 1516 2180; baseline -0.004 -17"><span class='ocrx_word' id='word_1_89' title='bbox 390 2087 501 2164; x_wconf 68' lang='lat' dir='ltr'><strong>tamt</strong></span> <span class='ocrx_word' id='word_1_90' title='bbox 534 2085 586 2160; x_wconf 85' lang='lat' dir='ltr'><strong>Et</strong></span> <span class='ocrx_word' id='word_1_91' title='bbox 613 2089 792 2160; x_wconf 87' lang='lat' dir='ltr'><strong>econtra:</strong></span> <span class='ocrx_word' id='word_1_92' title='bbox 822 2083 965 2178; x_wconf 85' lang='lat' dir='ltr'><strong>„Nemo</strong></span> <span class='ocrx_word' id='word_1_93' title='bbox 993 2084 1064 2162; x_wconf 89' lang='lat' dir='ltr'><strong>sibi</strong></span> <span class='ocrx_word' id='word_1_94' title='bbox 1083 2084 1177 2161; x_wconf 91' lang='lat' dir='ltr'><strong>satis</strong></span> <span class='ocrx_word' id='word_1_95' title='bbox 1196 2082 1394 2160; x_wconf 86' lang='lat' dir='ltr'><strong>secundum</strong></span> <span class='ocrx_word' id='word_1_96' title='bbox 1414 2105 1516 2180; x_wconf 86' lang='lat' dir='ltr'><strong>apo-</strong></span> 
     </span>
     <span class='ocr_line' id='line_1_14' title="bbox 390 2213 561 2290; baseline -0.018 0"><span class='ocrx_word' id='word_1_97' title='bbox 390 2213 561 2290; x_wconf 80' lang='lat' dir='ltr'><strong>stolum.“</strong></span> 
     </span>
    </p>

    <p class='ocr_par' dir='ltr' id='par_1_3' title="bbox 390 2332 1518 4074">
     <span class='ocr_line' id='line_1_15' title="bbox 498 2332 1516 2432; baseline -0.005 -19"><span class='ocrx_word' id='word_1_98' title='bbox 498 2335 584 2428; x_wconf 86' lang='lat' dir='ltr'><strong>Noh</strong></span> <span class='ocrx_word' id='word_1_99' title='bbox 613 2334 734 2412; x_wconf 89' lang='lat' dir='ltr'><strong>altera</strong></span> <span class='ocrx_word' id='word_1_100' title='bbox 753 2334 813 2409; x_wconf 90' lang='lat' dir='ltr'><strong>die</strong></span> <span class='ocrx_word' id='word_1_101' title='bbox 840 2335 878 2409; x_wconf 93' lang='lat' dir='ltr'><strong>in</strong></span> <span class='ocrx_word' id='word_1_102' title='bbox 907 2334 1072 2432; x_wconf 86' lang='lat' dir='ltr'><strong>timpano</strong></span> <span class='ocrx_word' id='word_1_103' title='bbox 1099 2332 1364 2431; x_wconf 89' lang='lat' dir='ltr'><strong>percuciebant</strong></span> <span class='ocrx_word' id='word_1_104' title='bbox 1382 2340 1419 2408; x_wconf 88' lang='lat' dir='ltr'><strong>et</strong></span> <span class='ocrx_word' id='word_1_105' title='bbox 1436 2333 1516 2408; x_wconf 90' lang='lat' dir='ltr'><strong>ite·</strong></span> 
     </span>
     <span class='ocr_line' id='line_1_16' title="bbox 391 2461 1516 2556; baseline -0.007 -12"><span class='ocrx_word' id='word_1_106' title='bbox 391 2489 472 2544; x_wconf 89' lang='lat' dir='ltr'><strong>rum</strong></span> <span class='ocrx_word' id='word_1_107' title='bbox 492 2461 863 2556; x_wconf 67' lang='lat' dir='ltr'><strong>montesancto,</strong></span> <span class='ocrx_word' id='word_1_108' title='bbox 884 2467 922 2536; x_wconf 90' lang='lat' dir='ltr'><strong>et</strong></span> <span class='ocrx_word' id='word_1_109' title='bbox 940 2468 1046 2538; x_wconf 90' lang='lat' dir='ltr'><strong>erant</strong></span> <span class='ocrx_word' id='word_1_110' title='bbox 1073 2483 1154 2536; x_wconf 88' lang='lat' dir='ltr'><strong>cum</strong></span> <span class='ocrx_word' id='word_1_111' title='bbox 1175 2484 1219 2536; x_wconf 90' lang='lat' dir='ltr'><strong>eo</strong></span> <span class='ocrx_word' id='word_1_112' title='bbox 1238 2461 1374 2537; x_wconf 87' lang='lat' dir='ltr'><strong>Petrus</strong></span> <span class='ocrx_word' id='word_1_113' title='bbox 1401 2461 1516 2538; x_wconf 91' lang='lat' dir='ltr'><strong>Prini</strong></span> 
     </span>
     <span class='ocr_line' id='line_1_17' title="bbox 391 2587 1517 2684; baseline -0.002 -16"><span class='ocrx_word' id='word_1_114' title='bbox 391 2600 428 2668; x_wconf 92' lang='lat' dir='ltr'><strong>et</strong></span> <span class='ocrx_word' id='word_1_115' title='bbox 454 2591 656 2672; x_wconf 82' lang='lat' dir='ltr'><strong>Ladislaus</strong></span> <span class='ocrx_word' id='word_1_116' title='bbox 675 2587 801 2684; x_wconf 86' lang='lat' dir='ltr'><strong>More,</strong></span> <span class='ocrx_word' id='word_1_117' title='bbox 822 2587 1047 2665; x_wconf 86' lang='lat' dir='ltr'><strong>Valentinus</strong></span> <span class='ocrx_word' id='word_1_118' title='bbox 1075 2587 1251 2683; x_wconf 87' lang='lat' dir='ltr'><strong>Therek,</strong></span> <span class='ocrx_word' id='word_1_119' title='bbox 1281 2587 1517 2666; x_wconf 87' lang='lat' dir='ltr'><strong>Franciseus</strong></span> 
     </span>
     <span class='ocr_line' id='line_1_18' title="bbox 394 2714 1518 2819; baseline -0.002 -25"><span class='ocrx_word' id='word_1_120' title='bbox 394 2717 584 2819; x_wconf 81' lang='lat' dir='ltr'><strong>Battyani.</strong></span> <span class='ocrx_word' id='word_1_121' title='bbox 615 2714 685 2796; x_wconf 87' lang='lat' dir='ltr'><strong>Isti</strong></span> <span class='ocrx_word' id='word_1_122' title='bbox 703 2716 869 2792; x_wconf 85' lang='lat' dir='ltr'><strong>latrones</strong></span> <span class='ocrx_word' id='word_1_123' title='bbox 896 2720 1002 2792; x_wconf 82' lang='lat' dir='ltr'><strong>erant</strong></span> <span class='ocrx_word' id='word_1_124' title='bbox 1020 2715 1128 2811; x_wconf 86' lang='lat' dir='ltr'><strong>quasi</strong></span> <span class='ocrx_word' id='word_1_125' title='bbox 1147 2714 1449 2808; x_wconf 87' lang='lat' dir='ltr'><strong>semivoluntate,</strong></span> <span class='ocrx_word' id='word_1_126' title='bbox 1475 2725 1518 2792; x_wconf 88' lang='lat' dir='ltr'><strong>et</strong></span> 
     </span>
     <span class='ocr_line' id='line_1_19' title="bbox 390 2841 1512 2944; baseline -0.003 -23"><span class='ocrx_word' id='word_1_127' title='bbox 390 2845 521 2944; x_wconf 82' lang='lat' dir='ltr'><strong>pocius</strong></span> <span class='ocrx_word' id='word_1_128' title='bbox 550 2841 769 2920; x_wconf 83' lang='lat' dir='ltr'><strong>deridebant</strong></span> <span class='ocrx_word' id='word_1_129' title='bbox 787 2865 891 2936; x_wconf 89' lang='lat' dir='ltr'><strong>eum,</strong></span> <span class='ocrx_word' id='word_1_130' title='bbox 912 2848 949 2916; x_wconf 87' lang='lat' dir='ltr'><strong>et</strong></span> <span class='ocrx_word' id='word_1_131' title='bbox 967 2841 1141 2918; x_wconf 86' lang='lat' dir='ltr'><strong>dicebant</strong></span> <span class='ocrx_word' id='word_1_132' title='bbox 1168 2842 1264 2918; x_wconf 84' lang='lat' dir='ltr'><strong>inter</strong></span> <span class='ocrx_word' id='word_1_133' title='bbox 1283 2864 1352 2918; x_wconf 90' lang='lat' dir='ltr'><strong>se:</strong></span> <span class='ocrx_word' id='word_1_134' title='bbox 1377 2841 1512 2938; x_wconf 83' lang='lat' dir='ltr'><strong>„Eece</strong></span> 
     </span>
     <span class='ocr_line' id='line_1_20' title="bbox 391 2966 1516 3068; baseline 0.002 -26"><span class='ocrx_word' id='word_1_135' title='bbox 391 2971 473 3046; x_wconf 87' lang='lat' dir='ltr'><strong>vult</strong></span> <span class='ocrx_word' id='word_1_136' title='bbox 489 2969 748 3068; x_wconf 81' lang='lat' dir='ltr'><strong>iateJoanncs</strong></span> <span class='ocrx_word' id='word_1_137' title='bbox 767 2967 812 3042; x_wconf 88' lang='lat' dir='ltr'><strong>de</strong></span> <span class='ocrx_word' id='word_1_138' title='bbox 831 2967 990 3066; x_wconf 87' lang='lat' dir='ltr'><strong>Zapolai</strong></span> <span class='ocrx_word' id='word_1_139' title='bbox 1010 2967 1092 3044; x_wconf 81' lang='lat' dir='ltr'><strong>Rex</strong></span> <span class='ocrx_word' id='word_1_140' title='bbox 1112 2969 1232 3044; x_wconf 86' lang='lat' dir='ltr'><strong>csse.“</strong></span> <span class='ocrx_word' id='word_1_141' title='bbox 1256 2966 1350 3045; x_wconf 80' lang='lat' dir='ltr'><strong>Cum</strong></span> <span class='ocrx_word' id='word_1_142' title='bbox 1369 2991 1516 3067; x_wconf 90' lang='lat' dir='ltr'><strong>appro-</strong></span> 
     </span>
     <span class='ocr_line' id='line_1_21' title="bbox 391 3092 1518 3196; baseline 0.002 -26"><span class='ocrx_word' id='word_1_143' title='bbox 391 3097 676 3196; x_wconf 86' lang='lat' dir='ltr'><strong>pinquassemus</strong></span> <span class='ocrx_word' id='word_1_144' title='bbox 703 3092 893 3168; x_wconf 88' lang='lat' dir='ltr'><strong>ciuitatem</strong></span> <span class='ocrx_word' id='word_1_145' title='bbox 912 3092 1272 3190; x_wconf 76' lang='lat' dir='ltr'><strong>Albam-Regalem‚</strong></span> <span class='ocrx_word' id='word_1_146' title='bbox 1299 3116 1384 3169; x_wconf 86' lang='lat' dir='ltr'><strong>cccc</strong></span> <span class='ocrx_word' id='word_1_147' title='bbox 1402 3093 1518 3172; x_wconf 85' lang='lat' dir='ltr'><strong>ciues</strong></span> 
     </span>
     <span class='ocr_line' id='line_1_22' title="bbox 392 3219 1515 3316; baseline -0.004 -15"><span class='ocrx_word' id='word_1_148' title='bbox 392 3221 513 3301; x_wconf 85' lang='lat' dir='ltr'><strong>subito</strong></span> <span class='ocrx_word' id='word_1_149' title='bbox 542 3219 669 3295; x_wconf 86' lang='lat' dir='ltr'><strong>claues</strong></span> <span class='ocrx_word' id='word_1_150' title='bbox 694 3219 916 3294; x_wconf 82' lang='lat' dir='ltr'><strong>retuderunt</strong></span> <span class='ocrx_word' id='word_1_151' title='bbox 935 3219 982 3294; x_wconf 91' lang='lat' dir='ltr'><strong>ad</strong></span> <span class='ocrx_word' id='word_1_152' title='bbox 1002 3242 1132 3296; x_wconf 86' lang='lat' dir='ltr'><strong>manus</strong></span> <span class='ocrx_word' id='word_1_153' title='bbox 1155 3219 1181 3296; x_wconf 87' lang='lat' dir='ltr'>J</span> <span class='ocrx_word' id='word_1_154' title='bbox 1184 3220 1317 3296; x_wconf 89' lang='lat' dir='ltr'><strong>oannis</strong></span> <span class='ocrx_word' id='word_1_155' title='bbox 1335 3220 1515 3316; x_wconf 77' lang='lat' dir='ltr'><strong>minoda,</strong></span> 
     </span>
     <span class='ocr_line' id='line_1_23' title="bbox 393 3343 1516 3460; baseline 0.001 -37"><span class='ocrx_word' id='word_1_156' title='bbox 393 3354 431 3423; x_wconf 90' lang='lat' dir='ltr'><strong>et</strong></span> <span class='ocrx_word' id='word_1_157' title='bbox 448 3353 556 3443; x_wconf 80' lang='lat' dir='ltr'><strong>grato</strong></span> <span class='ocrx_word' id='word_1_158' title='bbox 584 3344 708 3420; x_wconf 89' lang='lat' dir='ltr'><strong>animo</strong></span> <span class='ocrx_word' id='word_1_159' title='bbox 727 3345 775 3419; x_wconf 87' lang='lat' dir='ltr'><strong>ab</strong></span> <span class='ocrx_word' id='word_1_160' title='bbox 794 3343 851 3420; x_wconf 89' lang='lat' dir='ltr'><strong>eis</strong></span> <span class='ocrx_word' id='word_1_161' title='bbox 871 3345 1034 3442; x_wconf 82' lang='lat' dir='ltr'><strong>accepit,</strong></span> <span class='ocrx_word' id='word_1_162' title='bbox 1065 3352 1102 3460; x_wconf 80' lang='lat' dir='ltr'><strong>et</strong></span> <span class='ocrx_word' id='word_1_163' title='bbox 1128 3346 1261 3422; x_wconf 87' lang='lat' dir='ltr'><strong>iterum</strong></span> <span class='ocrx_word' id='word_1_164' title='bbox 1288 3345 1432 3424; x_wconf 84' lang='lat' dir='ltr'><strong>retollit</strong></span> <span class='ocrx_word' id='word_1_165' title='bbox 1449 3347 1516 3424; x_wconf 87' lang='lat' dir='ltr'><strong>eis</strong></span> 
     </span>
     <span class='ocr_line' id='line_1_24' title="bbox 393 3468 1515 3569; baseline 0 -20"><span class='ocrx_word' id='word_1_166' title='bbox 393 3495 609 3551; x_wconf 80' lang='lat' dir='ltr'><strong>econverso.</strong></span> <span class='ocrx_word' id='word_1_167' title='bbox 630 3468 858 3547; x_wconf 85' lang='lat' dir='ltr'><strong>Intrauimus</strong></span> <span class='ocrx_word' id='word_1_168' title='bbox 877 3471 915 3546; x_wconf 89' lang='lat' dir='ltr'><strong>in</strong></span> <span class='ocrx_word' id='word_1_169' title='bbox 935 3469 1134 3566; x_wconf 74' lang='lat' dir='ltr'><strong>ciuitatem,</strong></span> <span class='ocrx_word' id='word_1_170' title='bbox 1155 3479 1192 3547; x_wconf 90' lang='lat' dir='ltr'><strong>et</strong></span> <span class='ocrx_word' id='word_1_171' title='bbox 1205 3472 1418 3569; x_wconf 82' lang='lat' dir='ltr'><strong>gradarium</strong></span> <span class='ocrx_word' id='word_1_172' title='bbox 1428 3495 1515 3549; x_wconf 90' lang='lat' dir='ltr'><strong>me·</strong></span> 
     </span>
     <span class='ocr_line' id='line_1_25' title="bbox 393 3597 1515 3696; baseline 0.001 -19"><span class='ocrx_word' id='word_1_173' title='bbox 393 3623 455 3677; x_wconf 88' lang='lat' dir='ltr'><strong>um</strong></span> <span class='ocrx_word' id='word_1_174' title='bbox 475 3600 512 3674; x_wconf 89' lang='lat' dir='ltr'><strong>in</strong></span> <span class='ocrx_word' id='word_1_175' title='bbox 532 3597 670 3675; x_wconf 85' lang='lat' dir='ltr'><strong>Hostet</strong></span> <span class='ocrx_word' id='word_1_176' title='bbox 688 3597 817 3692; x_wconf 81' lang='lat' dir='ltr'><strong>amisi,</strong></span> <span class='ocrx_word' id='word_1_177' title='bbox 838 3604 879 3672; x_wconf 85' lang='lat' dir='ltr'><strong>et</strong></span> <span class='ocrx_word' id='word_1_178' title='bbox 894 3599 1085 3696; x_wconf 89' lang='lat' dir='ltr'><strong>apreciaui</strong></span> <span class='ocrx_word' id='word_1_179' title='bbox 1103 3623 1214 3676; x_wconf 88' lang='lat' dir='ltr'><strong>vnum</strong></span> <span class='ocrx_word' id='word_1_180' title='bbox 1232 3602 1369 3676; x_wconf 86' lang='lat' dir='ltr'><strong>bonum</strong></span> <span class='ocrx_word' id='word_1_181' title='bbox 1386 3599 1515 3678; x_wconf 90' lang='lat' dir='ltr'><strong>homi-</strong></span> 
     </span>
     <span class='ocr_line' id='line_1_26' title="bbox 393 3725 1516 3824; baseline 0.003 -22"><span class='ocrx_word' id='word_1_182' title='bbox 393 3750 478 3804; x_wconf 91' lang='lat' dir='ltr'><strong>nem</strong></span> <span class='ocrx_word' id='word_1_183' title='bbox 494 3732 536 3801; x_wconf 83' lang='lat' dir='ltr'><strong>vt</strong></span> <span class='ocrx_word' id='word_1_184' title='bbox 554 3748 679 3802; x_wconf 87' lang='lat' dir='ltr'><strong>curam</strong></span> <span class='ocrx_word' id='word_1_185' title='bbox 699 3732 829 3821; x_wconf 86' lang='lat' dir='ltr'><strong>ageret</strong></span> <span class='ocrx_word' id='word_1_186' title='bbox 847 3748 915 3824; x_wconf 92' lang='lat' dir='ltr'><strong>pro</strong></span> <span class='ocrx_word' id='word_1_187' title='bbox 935 3748 1030 3824; x_wconf 88' lang='lat' dir='ltr'><strong>equo</strong></span> <span class='ocrx_word' id='word_1_188' title='bbox 1050 3749 1144 3802; x_wconf 90' lang='lat' dir='ltr'><strong>meo.</strong></span> <span class='ocrx_word' id='word_1_189' title='bbox 1166 3727 1306 3804; x_wconf 85' lang='lat' dir='ltr'><strong>Etcum</strong></span> <span class='ocrx_word' id='word_1_190' title='bbox 1326 3725 1516 3824; x_wconf 84' lang='lat' dir='ltr'><strong>predictis</strong></span> 
     </span>
     <span class='ocr_line' id='line_1_27' title="bbox 394 3850 1515 3952; baseline 0.001 -25"><span class='ocrx_word' id='word_1_191' title='bbox 394 3853 486 3930; x_wconf 90' lang='lat' dir='ltr'><strong>viris</strong></span> <span class='ocrx_word' id='word_1_192' title='bbox 504 3852 640 3928; x_wconf 92' lang='lat' dir='ltr'><strong>iuimus</strong></span> <span class='ocrx_word' id='word_1_193' title='bbox 658 3851 696 3926; x_wconf 87' lang='lat' dir='ltr'><strong>in</strong></span> <span class='ocrx_word' id='word_1_194' title='bbox 716 3850 906 3928; x_wconf 88' lang='lat' dir='ltr'><strong>ciuitatem</strong></span> <span class='ocrx_word' id='word_1_195' title='bbox 925 3876 1042 3952; x_wconf 91' lang='lat' dir='ltr'><strong>prope</strong></span> <span class='ocrx_word' id='word_1_196' title='bbox 1062 3853 1211 3930; x_wconf 87' lang='lat' dir='ltr'><strong>ianuam</strong></span> <span class='ocrx_word' id='word_1_197' title='bbox 1223 3853 1388 3930; x_wconf 90' lang='lat' dir='ltr'><strong>ciuitatis</strong></span> <span class='ocrx_word' id='word_1_198' title='bbox 1406 3855 1515 3951; x_wconf 88' lang='lat' dir='ltr'><strong>apud</strong></span> 
     </span>
     <span class='ocr_line' id='line_1_28' title="bbox 394 3978 1028 4074; baseline -0.002 -20"><span class='ocrx_word' id='word_1_199' title='bbox 394 3978 563 4074; x_wconf 81' lang='lat' dir='ltr'><strong>iudicem,</strong></span> <span class='ocrx_word' id='word_1_200' title='bbox 583 3983 620 4055; x_wconf 86' lang='lat' dir='ltr'><strong>ct</strong></span> <span class='ocrx_word' id='word_1_201' title='bbox 639 3979 677 4054; x_wconf 90' lang='lat' dir='ltr'><strong>in</strong></span> <span class='ocrx_word' id='word_1_202' title='bbox 696 3979 791 4054; x_wconf 80' lang='lat' dir='ltr'><strong>feria</strong></span> <span class='ocrx_word' id='word_1_203' title='bbox 810 3985 918 4056; x_wconf 84' lang='lat' dir='ltr'><strong>senta</strong></span> <span class='ocrx_word' id='word_1_204' title='bbox 936 3987 1028 4055; x_wconf 86' lang='lat' dir='ltr'><strong>erat.</strong></span> 
     </span>
    </p>

    <p class='ocr_par' dir='ltr' id='par_1_4' title="bbox 394 4105 1513 4834">
     <span class='ocr_line' id='line_1_29' title="bbox 500 4105 1513 4203; baseline 0.006 -23"><span class='ocrx_word' id='word_1_205' title='bbox 500 4105 592 4182; x_wconf 89' lang='lat' dir='ltr'><strong>Inde</strong></span> <span class='ocrx_word' id='word_1_206' title='bbox 628 4105 774 4203; x_wconf 87' lang='lat' dir='ltr'><strong>quidem</strong></span> <span class='ocrx_word' id='word_1_207' title='bbox 802 4106 1049 4182; x_wconf 87' lang='lat' dir='ltr'><strong>ecclesiastici</strong></span> <span class='ocrx_word' id='word_1_208' title='bbox 1083 4106 1347 4184; x_wconf 88' lang='lat' dir='ltr'><strong>ordinauerant</strong></span> <span class='ocrx_word' id='word_1_209' title='bbox 1373 4113 1513 4186; x_wconf 88' lang='lat' dir='ltr'><strong>cuncta</strong></span> 
     </span>
     <span class='ocr_line' id='line_1_30' title="bbox 394 4231 1511 4330; baseline 0.003 -23"><span class='ocrx_word' id='word_1_210' title='bbox 394 4251 466 4330; x_wconf 87' lang='lat' dir='ltr'><strong>que</strong></span> <span class='ocrx_word' id='word_1_211' title='bbox 493 4255 647 4308; x_wconf 87' lang='lat' dir='ltr'><strong>neeesse</strong></span> <span class='ocrx_word' id='word_1_212' title='bbox 676 4237 783 4308; x_wconf 89' lang='lat' dir='ltr'><strong>erant</strong></span> <span class='ocrx_word' id='word_1_213' title='bbox 810 4231 857 4308; x_wconf 86' lang='lat' dir='ltr'><strong>ad</strong></span> <span class='ocrx_word' id='word_1_214' title='bbox 885 4233 1153 4330; x_wconf 89' lang='lat' dir='ltr'><strong>sepelliendum</strong></span> <span class='ocrx_word' id='word_1_215' title='bbox 1181 4232 1324 4329; x_wconf 81' lang='lat' dir='ltr'><strong>Regem</strong></span> <span class='ocrx_word' id='word_1_216' title='bbox 1343 4232 1511 4310; x_wconf 89' lang='lat' dir='ltr'><strong>Ludoui·</strong></span> 
     </span>
     <span class='ocr_line' id='line_1_31' title="bbox 395 4357 1513 4456; baseline 0.002 -22"><span class='ocrx_word' id='word_1_217' title='bbox 395 4380 489 4454; x_wconf 87' lang='lat' dir='ltr'><strong>eum,</strong></span> <span class='ocrx_word' id='word_1_218' title='bbox 510 4366 548 4434; x_wconf 87' lang='lat' dir='ltr'><strong>et</strong></span> <span class='ocrx_word' id='word_1_219' title='bbox 567 4358 712 4436; x_wconf 77' lang='lat' dir='ltr'><strong>cucurri</strong></span> <span class='ocrx_word' id='word_1_220' title='bbox 722 4357 769 4434; x_wconf 88' lang='lat' dir='ltr'><strong>ad</strong></span> <span class='ocrx_word' id='word_1_221' title='bbox 779 4358 964 4435; x_wconf 89' lang='lat' dir='ltr'><strong>dominum</strong></span> <span class='ocrx_word' id='word_1_222' title='bbox 975 4381 1096 4436; x_wconf 88' lang='lat' dir='ltr'><strong>meum</strong></span> <span class='ocrx_word' id='word_1_223' title='bbox 1115 4359 1259 4456; x_wconf 78' lang='lat' dir='ltr'><strong>Regem</strong></span> <span class='ocrx_word' id='word_1_224' title='bbox 1276 4359 1513 4437; x_wconf 87' lang='lat' dir='ltr'><strong>Ludouioum</strong></span> 
     </span>
     <span class='ocr_line' id='line_1_32' title="bbox 394 4485 1512 4585; baseline 0.002 -23"><span class='ocrx_word' id='word_1_225' title='bbox 394 4492 436 4562; x_wconf 83' lang='lat' dir='ltr'><strong>vt</strong></span> <span class='ocrx_word' id='word_1_226' title='bbox 461 4485 646 4582; x_wconf 87' lang='lat' dir='ltr'><strong>viderem,</strong></span> <span class='ocrx_word' id='word_1_227' title='bbox 675 4491 712 4561; x_wconf 90' lang='lat' dir='ltr'><strong>et</strong></span> <span class='ocrx_word' id='word_1_228' title='bbox 739 4485 1053 4585; x_wconf 86' lang='lat' dir='ltr'><strong>experimenciam</strong></span> <span class='ocrx_word' id='word_1_229' title='bbox 1081 4486 1300 4585; x_wconf 86' lang='lat' dir='ltr'><strong>acciperem.</strong></span> <span class='ocrx_word' id='word_1_230' title='bbox 1337 4485 1512 4564; x_wconf 82' lang='lat' dir='ltr'><strong>Joannes</strong></span> 
     </span>
     <span class='ocr_line' id='line_1_33' title="bbox 396 4609 1509 4712; baseline 0.003 -25"><span class='ocrx_word' id='word_1_231' title='bbox 396 4610 533 4709; x_wconf 84' lang='lat' dir='ltr'><strong>Dauid,</strong></span> <span class='ocrx_word' id='word_1_232' title='bbox 553 4611 734 4690; x_wconf 81' lang='lat' dir='ltr'><strong>Nicoleus</strong></span> <span class='ocrx_word' id='word_1_233' title='bbox 752 4609 912 4708; x_wconf 78' lang='lat' dir='ltr'><strong>Thorai,</strong></span> <span class='ocrx_word' id='word_1_234' title='bbox 943 4613 1005 4689; x_wconf 90' lang='lat' dir='ltr'><strong>isti</strong></span> <span class='ocrx_word' id='word_1_235' title='bbox 1026 4619 1107 4690; x_wconf 84' lang='lat' dir='ltr'><strong>erat</strong></span> <span class='ocrx_word' id='word_1_236' title='bbox 1125 4613 1205 4690; x_wconf 86' lang='lat' dir='ltr'><strong>veri</strong></span> <span class='ocrx_word' id='word_1_237' title='bbox 1225 4613 1412 4712; x_wconf 86' lang='lat' dir='ltr'><strong>capellani</strong></span> <span class='ocrx_word' id='word_1_238' title='bbox 1429 4610 1509 4690; x_wconf 88' lang='lat' dir='ltr'><strong>Lu-</strong></span> 
     </span>
     <span class='ocr_line' id='line_1_34' title="bbox 396 4737 666 4834; baseline 0.011 -22"><span class='ocrx_word' id='word_1_239' title='bbox 396 4737 519 4816; x_wconf 86' lang='lat' dir='ltr'><strong>douiei</strong></span> <span class='ocrx_word' id='word_1_240' title='bbox 538 4737 666 4834; x_wconf 82' lang='lat' dir='ltr'><strong>Regis.</strong></span> 
     </span>
    </p>
   </div>
   <div class='ocr_carea' id='block_1_3' title="bbox 0 0 1632 5210">
    <p class='ocr_par' dir='ltr' id='par_1_5' title="bbox 0 0 1632 5210">
     <span class='ocr_line' id='line_1_35' title="bbox 0 0 1632 5210; baseline 0 0"><span class='ocrx_word' id='word_1_241' title='bbox 0 0 1632 5210; x_wconf 95' lang='lat' dir='ltr'><strong> </strong></span> 
     </span>
    </p>
   </div>
  </div>
 </body>
</html>
