3248 5210
1132 491 1206 570 137

100 713 171 768 non
217 687 395 790 pausauit
440 686 622 784 multum,
677 686 745 765 ssd
789 710 921 768 vorsus
968 669 1210 768 Germaniam

100 816 269 894 cucurrit.

8 1023 9 1050 ἢ
202 941 295 1020 Indo
314 941 463 1040 quidem
491 939 745 1018 horuauorant
768 944 847 1040 jam
875 941 1071 1032 oadsdram
1090 944 1129 1020 iu
1148 969 1207 1022 oc-

8 1081 9 1086 '
100 1071 234 1168 cicsia,
265 1078 410 1146 etcum
437 1090 561 1168 panno
588 1073 705 1156 totam
733 1069 930 1148 ecclesiam
958 1069 1212 1148 horuaucraut

8 1267 9 1298 ᾗ
100 1198 267 1297 copiose,
287 1203 327 1272 ct
344 1195 559 1274 lucaruibus
576 1217 689 1294 super
708 1218 749 1272 sa
768 1205 1084 1295 proparaueuant‚
1115 1199 1213 1298 siout

8 1301 9 1372 ἶ
101 1325 252 1402 iaccbat
282 1343 501 1401 consecrare
529 1321 694 1420 Regem
725 1330 762 1398 ct
786 1324 825 1398 iu
843 1323 1064 1400 sacrastiam
1081 1323 1210 1424 impri-

8 1503 9 1528 ι
102 1453 193 1546 uris,
214 1472 286 1548 quo
304 1449 460 1526 intrauit
477 1447 504 1527 J
505 1471 646 1526 oannes
665 1447 914 1547 Seposiousis.
934 1449 986 1526 Et
1004 1471 1088 1526 eum
1105 1451 1211 1542 indu·

102 1585 205 1654 crunt
222 1578 261 1654 iu
279 1577 397 1676 pallio
424 1575 536 1655 uiridi
565 1576 703 1654 coloris
721 1599 907 1676 purpureo
926 1577 1103 1654 deaurato
1122 1601 1208 1656 sau-

103 1706 152 1781 cti
174 1702 357 1804 Stephani
386 1701 525 1800 Regis,
554 1709 592 1778 et
618 1703 882 1802 precingeruut
905 1704 1072 1800 gladium
1091 1706 1211 1782 sancti

8 1929 9 1940 Ν
106 1831 286 1931 Stephani
316 1829 434 1926 Regis
453 1852 521 1928 per
539 1829 684 1908 lumbos
703 1833 803 1927 ejus,
825 1839 862 1906 ct
880 1830 1059 1910 dederuut
1076 1831 1115 1907 in
1134 1855 1222 1928 ma·¹

8 1945 9 1962 *
105 1959 211 2035 uibus
238 1958 318 2034 suis
344 1957 537 2034 adextram
573 1965 780 2056 sceptrum,
809 1957 858 2032 ad
895 1959 1017 2036 louam
1055 1981 1209 2036 aureum

8 2071 9 2100 ⁷
106 2089 247 2184 ponium
266 2084 398 2160 crucis.
429 2083 479 2158 Et
498 2084 666 2183 episcopi
693 2084 877 2160 duxeruut
894 2085 933 2160 iu
951 2084 1072 2162 medio
1092 2087 1210 2162 euolo-

8 2309 9 2318 Ν
105 2211 169 2306 sic,
186 2211 247 2288 ubi
266 2211 505 2288 coustitutum
524 2218 605 2286 crat
623 2209 733 2288 scios
752 2211 1006 2310 consecrandi,
1026 2220 1064 2287 ot
1081 2212 1212 2291 sudoro
1237 2264 1239 2274 ·

8 2319 9 2362 r
107 2339 265 2414 iuuerunt
283 2361 378 2414 eum.
406 2337 456 2412 Et
474 2359 648 2414 coronam
659 2381 709 2392 --
721 2335 992 2434 strigoniensis
1009 2346 1127 2416 atturu
1145 2363 1211 2414 va·

8 2571 9 2584 ὶ
108 2466 254 2560 cabant,
282 2465 370 2563 quia
389 2465 428 2540 iu
449 2463 611 2542 Muhach
630 2466 669 2538 iu
688 2463 862 2541 conflictu
887 2466 940 2541 ibi
960 2465 1114 2542 relictus
1132 2473 1213 2540 crat

8 2601 10 2616 ’
109 2590 299 2669 Ladislaus
331 2597 471 2684 suttor3
506 2590 574 2668 scd
598 2592 638 2666 iu
666 2591 748 2665 loco
779 2594 857 2690 jam
895 2592 1053 2668 Paulum
1082 2591 1212 2668 Varcia

8 2767 9 2820 4
114 2741 190 2794 curu
216 2719 484 2817 deputauorant
508 2719 547 2794 in
575 2719 695 2794 locum
715 2740 822 2794 suum
841 2763 890 2774 -
912 2721 1050 2818 ipsust
1076 2719 1212 2804 Petrus

8 2891 9 2918 ;
113 2845 208 2920 Puiui
225 2848 334 2923 ambo
352 2847 529 2922 tenebant
547 2845 585 2922 in
605 2846 776 2922 manibus
786 2847 875 2922 suis.
897 2847 1039 2922 Etcum
1055 2845 1210 2922 riiiculo

112 2970 236 3048 Petrus
254 2971 362 3048 Priui
382 2993 463 3046 cum
488 2971 665 3068 clangore
693 2995 828 3069 magno
857 2972 978 3048 dixit:
1002 2973 1212 3070 „Hungaris

113 3095 169 3171 hio
184 3105 236 3174 est
253 3121 402 3193 corona,
424 3120 533 3194 quam
552 3119 623 3193 ego
642 3098 680 3172 iu
700 3097 820 3176 tribus
839 3099 949 3176 annis
968 3123 1044 3176 non
1063 3100 1155 3196 vidi,
1175 3109 1213 3178 ct

8 3289 9 3308 c
114 3233 272 3324 surrupta
301 3233 393 3300 erat.
423 3223 585 3302 Wltisuc
613 3226 782 3302 coronari
802 3224 988 3302 Joanncm
1008 3226 1210 3327 Seposicn-

116 3371 184 3424 scm
199 3349 241 3425 da
261 3349 469 3451 Zupulya.“
500 3350 643 3426 Partim
663 3352 810 3426 ulamau
830 3381 839 3426 ε
865 3353 1107 3448 „Volumus.“
1130 3351 1213 3430 Ste-

8 3475 9 3508 ¹
118 3475 247 3572 pharus
284 3477 412 3554 Verba
450 3477 561 3552 valde
597 3479 824 3574 procurabat
859 3500 929 3576 pro
968 3477 1115 3554 domino
1143 3501 1211 3556 suo

119 3601 268 3680 saiuodc.
291 3599 431 3699 „Scitis
451 3601 904 3698 nobilesctignobilcs-
916 3602 1058 3700 quiade
1070 3611 1212 3703 acptum

120 3727 314 3824 ciuitatibus
342 3730 470 3806 liberis
489 3729 641 3828 judices
668 3729 748 3806 iore
776 3729 945 3828 quisquis
973 3750 1055 3807 curu
1081 3729 1214 3808 Oousi·

120 3851 254 3933 iiuribus
273 3855 373 3950 suis,
394 3863 432 3930 ct
451 3855 503 3932 ibi
523 3862 649 3950 crant,
669 3899 719 3918 -v
740 3855 838 3953 quod
866 3855 1036 3952 dominus
1054 3856 1214 3934 vaiuoda

122 3991 239 4076 quauta
271 3983 428 4060 somiuit
454 3983 562 4060 vobis
590 3981 764 4079 Huugari
783 3990 821 4059 ct
840 3983 939 4060 wltis
958 4005 1043 4060 asse
1063 3983 1135 4061 sibi
1154 3985 1212 4060 iu·

8 4115 9 4190 i
122 4111 237 4202 pati!
269 4110 751 4208 Dixcmnt:„N01umuc.“
784 4109 836 4186 Et
863 4109 957 4186 dixit
983 4109 1105 4186 adhuc
1131 4108 1213 4186 Sto-

122 4231 252 4330 phauus
271 4235 461 4316 Vcrbwcir
481 4264 490 4312 :
515 4236 637 4334 „Noh,
658 4237 815 4336 quilibet
832 4257 963 4314 manus
982 4257 1070 4314 suas
1088 4243 1213 4313 ostsu-

123 4365 165 4438 ut
182 4386 287 4467 super
306 4365 432 4466 capita
450 4364 554 4440 sua.“
577 4365 629 4440 Et
646 4364 782 4463 partim
801 4370 943 4440 tantum
968 4384 1041 4438 uou
1060 4363 1215 4440 multum

8 4511 9 4590 ς
123 4485 249 4570 viderat
267 4491 480 4572 ascensisse
498 4514 630 4568 manus
647 4513 748 4568 suas.

208 4617 290 4696 Hoc
309 4625 391 4698 arat
416 4618 457 4694 iu
484 4619 580 4696 iustu
607 4617 708 4702 boati
737 4617 890 4696 Martini
918 4615 1147 4693 confessoris
1174 4615 1215 4694 iu

125 4735 285 4824 ouiuico
304 4747 376 4838 dic,
397 4753 656 4848 coposuerunt
675 4749 715 4826 in
734 4748 859 4852 capito
877 4767 1051 4830 coronam
1071 4745 1214 4846 augeli·
