3248 5210
1198 441 1251 522 69

122 649 161 714 et
203 641 439 738 ignobilibus
477 647 606 718 contra
640 640 889 718 Laureucium
916 667 991 742 pop
1020 643 1169 722 ocurrit.
1200 643 1252 720 Et

122 767 237 864 quod
253 769 425 846 senciens
443 768 675 846 Laurentius
693 793 782 868 pop,
804 793 891 846 mox
901 779 1026 848 castre
1045 795 1115 848 sua
1133 770 1250 847 versit

123 900 267 970 contre
286 916 389 992 eum,
410 902 447 970 ct
465 896 577 972 ictum
596 895 685 972 fecit
703 917 786 970 cum
805 895 881 990 eis,
911 903 949 970 et
966 919 1085 994 usque
1103 897 1152 972 ad
1170 896 1255 974 Va.

121 1019 306 1096 nulnum
332 1023 476 1098 sensuit
511 1045 599 1116 eos,
629 1028 667 1096 ct
694 1023 812 1096 multa
839 1021 1024 1098 cadauera
1051 1047 1119 1122 pcr
1146 1029 1250 1098 terra

124 1150 391 1224 numerabant.
421 1150 472 1224 Et
498 1148 585 1224 iude
604 1148 788 1245 adusque
814 1149 960 1226 Zoliom
978 1147 1014 1251 *)
1042 1171 1165 1224 arcem
1184 1149 1248 1225 ob-

122 1273 285 1350 sederat
302 1274 350 1349 ad
366 1273 557 1368 infideles,
588 1273 676 1370 quic
694 1280 732 1350 et
749 1273 823 1370 ipsi
841 1275 959 1350 multa
977 1275 1249 1370 crucigerorum

122 1399 418 1496 cruciabantur,
439 1407 476 1474 et
494 1421 577 1474 oum
596 1399 791 1476 colonibus
819 1400 1053 1476 multitudiue
1072 1401 1248 1498 impetum
1347 1431 1350 1436 ¹

121 1527 223 1602 lecit
242 1525 289 1600 ad
307 1549 430 1603 urcem
458 1525 615 1621 Zoliom‚
635 1532 673 1601 et
692 1533 902 1624 acceperat.
933 1527 985 1601 Et
1003 1527 1139 1602 multos
1166 1526 1248 1623 ipse

121 1654 252 1728 eciam
268 1653 410 1728 talenta
429 1653 484 1728 eis
502 1652 770 1751 proposuisset,
789 1652 861 1727 hoc
880 1653 916 1728 ei
934 1653 1063 1728 eadem
1074 1673 1249 1728 mensura

123 1779 369 1856 remeclcbat.
407 1777 502 1854 Cum
539 1780 728 1856 andiessct
760 1779 840 1876 jum
878 1779 1039 1855 Paulum
1068 1777 1249 1855 Thomori

124 1907 355 1982 existentem
384 1929 466 1982 cum
483 1913 608 1983 turma
625 1929 694 1982 sua
712 1908 751 1980 in
770 1906 984 2000 Veranium
1010 1905 1095 1981 inde
1115 1926 1249 2002 nempe

123 2041 162 2108 et
181 2033 268 2130 ipse
289 2040 592 2109 castrametatus
611 2033 738 2110 existit
762 2033 930 2130 proxime
950 2032 1100 2130 opidum
1119 2030 1248 2106 Bihar.

125 2158 276 2234 Paulus
305 2157 485 2236 Thomori
513 2160 685 2236 senciens
712 2160 835 2258 ipsum
862 2159 942 2234 fore
961 2159 1000 2236 in
1019 2157 1136 2234 Bihcr
1164 2178 1248 2233 oum
1334 2199 1338 2210 ·

124 2285 386 2380 multitudine,
416 2308 489 2362 non
517 2286 709 2361 festinauit
736 2291 866 2362 contra
886 2306 969 2360 eum
987 2283 1247 2361 Laurencinm

126 2435 204 2512 pap
219 2437 229 2504 3
248 2411 347 2508 quod
364 2413 552 2490 studiosus
580 2419 662 2488 erat
679 2413 718 2487 in
735 2413 876 2488 bellica
893 2435 999 2488 arma
1017 2434 1246 2509 expugnare.

127 2538 239 2614 Fecit
256 2540 442 2616 clamare:
467 2543 543 2637 „vt
562 2541 769 2639 quicunque
789 2542 945 2616 colonus
963 2539 1088 2614 wltcd
1100 2539 1246 2614 domum

128 2688 239 2741 suam
268 2688 457 2762 remeare,
486 2667 534 2742 ad
559 2665 670 2741 fidem
698 2689 817 2742 meam
837 2674 874 2741 et
893 2666 940 2742 ad
958 2665 1068 2741 fidem
1087 2665 1247 2740 vaiuode

127 2792 312 2886 loannis,
343 2799 381 2866 ct
409 2792 457 2867 ad
474 2793 584 2868 fidem
610 2794 905 2888 regnicolarum,
935 2767 1096 2868 libenter
1123 2795 1247 2889 potest

129 2919 224 2994 ire.“
255 2916 537 3017 Quodcumque
566 2919 778 3014 audientes,
806 2920 948 2996 unatim
964 2920 1120 2996 binatim
1138 2924 1246 2993 nocte

132 3046 273 3121 saltum
300 3046 499 3122 laciebcut.
519 3041 577 3148 221
607 3045 689 3138 Que
716 3047 873 3124 vidisset
898 3045 1130 3123 Laurencius
1157 3068 1244 3144 pap,
1302 3071 1306 3084 ·

129 3171 267 3248 terruit
289 3171 328 3246 in
355 3195 418 3264 sc,
447 3171 630 3268 reliquam
648 3170 807 3268 [gentem
834 3195 940 3248 suum
967 3171 1192 3248 confortarit
1209 3178 1247 3246 et

133 3298 363 3373 consultuuit
383 3325 391 3371 :
416 3297 599 3394 „Quodsi
618 3299 724 3374 Deus
743 3299 949 3376 altissimus
966 3299 1160 3374 victoriam
1179 3323 1245 3396 op·

135 3423 293 3499 tinemus
313 3424 470 3521 quilibet
497 3424 675 3500 nobilium
705 3423 895 3503 habebit.“
928 3425 1071 3500 Paulus
1090 3425 1244 3521 Tomorj

136 3551 246 3624 mouit
265 3555 325 3626 se.'
341 3547 463 3640 Quum
481 3549 662 3625 sensisset
680 3548 878 3626 Laurencii
897 3573 1018 3650 pauca
1037 3557 1168 3646 gente,
1198 3573 1244 3625 cx

136 3685 289 3772 unaque
317 3681 425 3774 parte
443 3675 643 3751 adfaciem
671 3683 853 3753 steterunt
878 3684 915 3751 et
932 3678 1109 3774 impetum
1126 3675 1243 3752 habu-

136 3809 250 3878 eruut.
278 3803 339 3880 Ibi
369 3801 550 3898 crucigeri
587 3801 735 3878 deuicti
773 3809 878 3898 suut3
907 3802 1142 3880 Laurentius
1168 3827 1242 3902 pap

138 3929 260 4024 lugam
277 3929 380 4006 dedit
397 3929 445 4002 ad
463 3927 590 4024 zilah;
610 3930 697 4004 inde
718 3930 865 4026 quidem
885 3931 1097 4026 crucigeros
1116 3953 1244 4006 omnes

137 4053 185 4128 ad
201 4062 333 4130 unam
361 4061 654 4154 prostraucrnnt.
685 4055 780 4152 Hic,
809 4057 947 4150 lector,
976 4054 1068 4132 fides
1081 4058 1161 4153 jam
1180 4055 1242 4130 (lc-

138 4179 627 4278 structeestHungarorum.
648 4181 806 4256 Demnm
825 4182 1091 4258 intellexerunt
1109 4181 1242 4274 coloni,

140 4305 232 4402 quod
250 4313 349 4383 essct
366 4305 533 4382 deuictus
551 4305 782 4384 Lanrcucius
800 4331 895 4406 pap,
916 4313 954 4384 et
972 4307 1168 4384 consilium
1186 4307 1242 4382 in·

140 4439 195 4510 tar
217 4455 257 4510 se
276 4433 521 4510 decreuerunt
547 4433 596 4509 od
622 4433 798 4510 modum:
822 4433 1048 4533 „Capiamus
1075 4431 1243 4510 Lauren·

171 4723 201 4788 ⁵)
219 4721 421 4795 Eclycscbben
440 4719 598 4794 „Solyom.“
