3294 5208
414 457 441 531 4

415 648 583 753 Cylingh
603 647 719 745 Span.
738 648 826 725 Jam
846 655 904 724 eat
921 671 996 724 vna
1014 647 1119 746 hora,
1139 647 1239 748 quod
1255 649 1440 749 pugillum
1458 649 1527 724 ha·

412 783 503 858 bent
511 779 609 852 inter
618 773 910 854 sef‘dudientes
918 777 1058 852 milites
1068 775 1334 872 Hungarorum
1343 776 1470 853 statim
1479 775 1530 850 ad

414 907 550 983 ostium
577 909 829 978 accurrerunt.
868 900 1025 978 Interim
1051 925 1127 976 non
1153 908 1353 1000 potuerunt
1371 903 1527 994 intrare,

259 1017 261 1029 ’
414 1033 540 1110 statim
557 1031 703 1106 trabem
729 1028 906 1104 viloeiter
927 1034 1121 1125 portantes
1140 1035 1177 1103 et
1194 1027 1360 1104 hostium
1388 1018 1530 1102 dificile

413 1161 511 1235 intro
538 1157 744 1232 truderent.
774 1155 826 1228 Et
845 1156 949 1231 illieo
979 1157 1171 1254 capientes
1201 1153 1431 1232 Germanum
1459 1179 1531 1252 per

412 1287 569 1382 timpum
587 1307 611 1356 a
628 1281 911 1378 tergoreipsius
929 1289 1041 1379 eaput
1051 1287 1347 1379 amputauerunt.
1368 1281 1420 1354 Et
1438 1304 1528 1356 san-

414 1412 502 1508 guis
520 1410 561 1484 in
579 1407 729 1506 palacio
739 1429 853 1504 super
871 1409 1126 1505 pauimentum
1138 1406 1309 1484 fluxerat.
1330 1407 1382 1481 Et
1399 1407 1440 1482 in
1457 1406 1528 1481 ho·

414 1539 582 1613 diernum
609 1535 708 1609 diem
737 1535 893 1630 sanguis
920 1535 960 1610 in
974 1535 1083 1630 signo
1112 1541 1189 1630 est,
1219 1534 1319 1632 quod
1346 1558 1417 1630 ego
1446 1535 1529 1610 vidi

414 1661 605 1756 Georgius
622 1667 711 1759 post
737 1659 808 1734 heo
829 1661 1053 1757 permultos
1081 1684 1212 1736 annos.
1242 1661 1294 1734 Et
1321 1668 1433 1759 eaput
1459 1683 1530 1758 per

414 1792 617 1865 fenestram
636 1788 683 1862 de
706 1787 855 1884 palaeio
874 1786 1000 1863 virsus
1027 1786 1265 1883 Hungariam
1289 1789 1461 1884 jecerunt
1479 1787 1529 1862 ad

415 1917 583 1994 Vizwar.
614 1911 699 1988 Hoc
726 1920 807 1988 erat
836 1914 875 1987 in
894 1935 1021 1989 mense
1039 1912 1202 2010 Augusti
1221 1913 1282 1989 die
1300 1913 1448 1990 Martis.
1476 1913 1531 1988 Et

415 2043 558 2117 alentos
577 2063 665 2116 suos
684 2037 860 2114 Alemani
878 2061 971 2134 quoa
988 2039 1255 2115 interemerunt
1264 2045 1428 2114 maturos
1446 2037 1528 2114 ido·

414 2191 505 2243 neos
524 2166 674 2262 quidem
691 2171 942 2263 pepercerunt
959 2171 997 2239 et
1014 2164 1082 2239 sie.

771 2413 1179 2492 CAPITULUM⁰IIL
1288 2473 1291 2482 .

415 2616 610 2698 Quomodo
629 2613 829 2688 Ladialaua
855 2613 1045 2688 Waidatia
1069 2635 1224 2688 rursum
1251 2618 1292 2686 at
1309 2612 1435 2708 eapite
1452 2610 1527 2706 pri·

856 2745 973 2816 natus
993 2746 1087 2816 erat

524 2923 682 3000 Audiuit
709 2923 793 2999 Rex
820 2923 1022 3000 Ladislaus
1051 2922 1265 3000 Germanus
1286 2923 1402 3018 Euda,
1431 2919 1530 3017 quod

417 3051 534 3125 frater
562 3051 683 3147 ipsius
718 3051 817 3124 male
844 3049 1030 3126 finiuisset
1058 3051 1176 3124 vitam
1203 3049 1399 3126 horrende.
1437 3047 1529 3122 Mox

418 3182 598 3271 quantum
627 3175 749 3270 potnit
775 3175 979 3262 exereitum
1007 3177 1142 3271 mouit,
1173 3183 1210 3251 et
1233 3175 1407 3250 celeriter
1426 3173 1529 3248 infra

418 3297 730 3376 Nandor-Albam
749 3322 968 3375 eoneursum
985 3300 1110 3376 habet.
1131 3300 1206 3376 Sed
1224 3309 1423 3397 antequam
1440 3321 1528 3397 pro·

418 3419 646 3526 cedebam-tv·
672 3424 839 3500 Michael
860 3423 1005 3521 Soilagi
1014 3426 1169 3504 fratrem
1180 3449 1286 3502 suum
1296 3428 1337 3501 in
1355 3423 1528 3500 nanum-

418 3549 518 3625 Alba
536 3548 756 3625 Ladislaum
774 3551 914 3626 Hunad
932 3574 1015 3626 oum
1033 3575 1169 3646 magno
1188 3553 1377 3646 exercitu,
1397 3557 1435 3624 et
1452 3549 1528 3625 Re·

418 3699 503 3772 gem
521 3675 740 3752 Ladislaum
769 3675 998 3754 Germanum
1025 3701 1100 3754 non
1126 3679 1376 3774 permiserunt
1403 3676 1451 3750 ad
1469 3699 1530 3751 ar·

419 3825 499 3877 eem
527 3801 858 3898 Nandorffdlbam,
898 3805 1167 3902 quiapropter
1195 3811 1349 3880 mortem
1375 3803 1530 3878 fratrem

419 3949 526 4004 auum
537 3927 656 4023 Regia
664 3930 888 4005 metuebant.
900 3930 984 4004 Rex
1003 3931 1216 4028 spopondit,
1239 3930 1337 4026 quod
1346 3929 1392 4004 de
1411 3935 1531 4004 morte

419 4054 529 4131 fratri
548 4054 607 4130 sui
625 4055 767 4130 nullam
785 4055 1166 4133 vindietamhaberet.
1187 4059 1239 4131 Et
1255 4056 1399 4151 Regem
1417 4055 1530 4130 mise·

420 4188 507 4258 runt
533 4179 582 4254 ad
609 4205 752 4276 aream,
782 4189 820 4257 et
838 4189 949 4280 eaput
976 4204 1058 4258 oum
1078 4207 1234 4280 corpore
1252 4181 1337 4257 Rex
1365 4180 1532 4257 eondidit

420 4305 625 4384 honorifice
642 4307 682 4382 id
699 4309 740 4383 in
758 4308 1195 4386 eiuitateNandor-Alba
1209 4309 1310 4410 apud
1328 4307 1532 4384 monachos

421 4433 541 4508 saneti
560 4433 767 4510 Francisoi.
998 4439 1000 4446 ’

529 4559 622 4633 Post
639 4559 709 4634 hee
728 4559 925 4635 eonsilium
948 4559 1112 4634 inierunt
1130 4556 1305 4654 Hungari
1323 4563 1529 4652 magnates,

422 4682 521 4778 quod
547 4682 690 4780 Regem
717 4685 895 4764 deberent
921 4683 1142 4762 interficere.
1170 4683 1254 4760 Rex
1282 4683 1439 4760 audiens
1458 4683 1531 4758 hoo
