3226 5220
402 435 481 520 184

402 643 532 717 contm
551 631 763 714 Germanus
782 620 1517 731 conflictumhabere.Ergcniltimca's.“

403 765 512 844 Dixit
539 763 769 842 cubiculario
788 761 872 838 Rex
892 790 900 837 :
925 760 1136 861 „Benche.“
1167 759 1313 861 „Audio
1332 761 1416 840 Rex
1434 762 1521 840 Ma·

398 893 556 994 jestas.“
591 893 676 991 „Da
706 891 779 970 sibi
807 889 935 968 decem
963 889 1144 986 florenos,
1174 891 1362 970 utstatim
1389 915 1437 968 ne
1455 891 1526 968 hic

404 1018 603 1097 moratur.“
626 1019 678 1094 Et
697 1017 790 1094 dixit
808 1016 911 1093 Rex:
936 1013 1099 1114 „Quanti
1117 1015 1210 1095 estis
1228 1041 1298 1094 vos
1314 1015 1520 1094 bubulci?“

407 1145 481 1240 Qui
500 1147 554 1224 ait
574 1175 582 1222 :
609 1145 769 1244 „Sumus
796 1143 1010 1221 ducentes.“
1042 1144 1095 1222 Et
1113 1143 1208 1220 dixit
1225 1142 1338 1222 Rex:
1362 1142 1527 1244 „Statim

407 1296 490 1352 cum
509 1273 723 1374 preparatis
744 1272 859 1350 armis
887 1271 1025 1350 vestris
1043 1271 1165 1350 solitis
1184 1271 1372 1350 accedatis
1391 1271 1440 1348 ad
1457 1293 1526 1348 cu·

406 1385 501 1479 riam
529 1422 673 1495 meam;
703 1405 741 1474 et
768 1397 1009 1480 demumvos
1035 1398 1172 1475 faciam
1209 1421 1337 1476 omnes
1364 1421 1528 1496 magnos

406 1527 588 1606 nobiles.“
620 1526 672 1602 Et
689 1525 874 1602 bubulcus
901 1547 988 1601 mcx
1016 1525 1196 1622 accessit,
1225 1533 1263 1602 et
1280 1547 1350 1604 nus
1369 1526 1527 1626 cappel-

404 1655 483 1732 lani
502 1671 584 1730 cum
603 1650 718 1729 armis
745 1652 885 1730 nostris
914 1653 1040 1730 statim
1067 1653 1228 1735 summus
1247 1652 1296 1728 ad
1313 1651 1528 1752 hospicium

411 1780 541 1878 Regis.
561 1779 769 1857 Innumero
789 1779 927 1858 fuimus
944 1780 1115 1857 tricentis
1133 1802 1215 1858 cum
1234 1779 1381 1878 magnis
1399 1785 1438 1856 et
1455 1779 1527 1855 mi-

410 1910 577 2004 nuribus,
598 1915 636 1984 et
653 1907 896 2005 uigilauimus
914 1906 1057 2006 Regem
1076 1931 1193 2006 usque
1212 1907 1260 1984 ad
1278 1913 1399 1986 crtum
1417 1907 1528 1985 solis.

410 2033 520 2129 Quucd
549 2035 735 2112 vidissent
761 2035 950 2132 latrones,
980 2033 1078 2134 quod
1109 2034 1193 2112 Rex
1221 2041 1321 2114 esset
1345 2034 1527 2132 vigilans,

409 2185 484 2240 non
511 2169 795 2262 presumserunt
821 2161 869 2237 ad
895 2161 1043 2241 domum
1071 2158 1194 2259 Regia
1222 2159 1435 2261 Majestatis
1462 2183 1529 2237 ac·

408 2289 549 2368 cedere.

516 2414 639 2510 Quum
658 2415 845 2494 sensisset
862 2415 960 2494 latrc
980 2412 1139 2518 Cybak‚
1158 2413 1218 2520 ⁶⁴d
1243 2423 1378 2495 extunc
1400 2417 1529 2516 jusse-

412 2551 473 2624 rat
498 2542 741 2621 belliductori
768 2565 836 2620 suo
864 2551 1027 2640 secrete,
1060 2543 1253 2622 utstatim
1280 2566 1347 2645 per
1373 2551 1531 2644 pontem

415 2671 514 2747 vltra
533 2668 683 2746 Ticiam
702 2667 768 2745 flui
786 2669 969 2768 paulatim
986 2671 1104 2764 irent3
1125 2677 1162 2747 et
1179 2653 1235 2748 sic
1252 2675 1402 2768 gentem
1418 2691 1531 2748 suam

414 2797 585 2898 inprimis
604 2797 698 2874 citra
717 2795 847 2872 fluium
865 2795 941 2892 ire,
962 2802 999 2872 et
1017 2795 1122 2874 sulus
1149 2795 1270 2873 adhuc
1292 2795 1403 2894 qnasi
1415 2797 1533 2896 juxta

413 2923 558 3022 Regem
577 2922 975 3022 essetadeapiendum.
995 2923 1047 3000 Et
1061 2923 1532 3027 spaciabatprcpeaqnam

416 3051 584 3146 Ticiam;
622 3057 658 3126 et
685 3049 858 3126 dicebant
886 3049 1000 3126 aulici
1027 3047 1124 3148 Regi
1153 3077 1162 3125 ε
1195 3049 1319 3148 „Ecce
1354 3049 1533 3132 domiuus

415 3175 553 3278 Cybak
573 3183 722 3274 gentem
742 3199 845 3254 suam
866 3177 961 3254 citra
979 3199 1114 3276 aquam
1132 3199 1300 3256 remeare
1317 3177 1444 3254 iecit.“
1476 3177 1535 3254 Et

417 3329 486 3382 nus
505 3303 800 3400 admirabamur,
821 3305 909 3402 quia
936 3305 1035 3404 apud
1050 3303 1201 3408 'Cybak
1222 3303 1424 3382 maximam
1441 3327 1533 3382 cun·

419 3431 613 3509 fidenciam
632 3430 804 3509 habebat
839 3432 962 3530 Regia
998 3431 1201 3531 Majestas;
1237 3432 1477 3531 quamobrem
1506 3459 1534 3510 a

411 3562 607 3659 juuentute
635 3581 704 3637 sua
731 3531 938 3655 nutriebat]
968 3567 1005 3635 et
1031 3567 1270 3660 percusserat
1293 3561 1442 3659 nigrum
1459 3559 1532 3636 hc·

415 3687 562 3784 minem,
580 3694 617 3762 et
633 3687 785 3786 insuper
794 3688 829 3762 ei
839 3687 990 3765 dederat
1009 3687 1214 3788 episcoput
1235 3689 1330 3766 sicud
1348 3687 1532 3788 scriptum

416 3821 484 3892 est.
522 3814 574 3890 Et
608 3813 721 3891 valde
757 3815 1007 3894 admirabatur
1043 3821 1122 3891 tcta
1155 3815 1266 3894 chors
1294 3813 1418 3914 Regis
1444 3814 1531 3892 Ma·

411 3941 574 4040 jestatis.
1301 4001 1304 4006 ,

521 4068 609 4148 dam
627 4091 737 4146 mane
755 4089 851 4167 gens
869 4069 1095 4167 sensissent,
1112 4068 1222 4169 ¹quod
1249 4065 1424 4146 Alemani
1442 4091 1531 4169 pre·

417 4196 626 4275 ualuissent
653 4197 876 4296 Hungarcs,
907 4207 944 4276 et
972 4199 1081 4276 miles
1108 4197 1234 4276 Lucas
1257 4197 1382 4276 Maria
1400 4219 1530 4276 msam

419 4323 581 4404 dedisset
597 4349 666 4425 per
683 4349 816 4406 manus
844 4325 1128 4405 Germanorum.
1160 4328 1213 4403 Et
1230 4349 1324 4426 gens
1343 4325 1533 4424 Hungara

419 4454 602 4554 paulatim
619 4455 682 4532 vbi
702 4455 794 4553 duc,
814 4456 878 4532 vbi
895 4463 973 4534 tres
990 4479 1059 4556 per
1076 4463 1227 4557 pontem
1244 4456 1473 4556 pergebant3
1493 4461 1534 4534 et

421 4577 504 4658 Rex
519 4582 628 4679 juxta
645 4581 792 4682 rippam
811 4582 1037 4660 ambulabat.
1058 4583 1231 4686 Eyvlans
1241 4583 1428 4662 clamabat
1444 4605 1532 4661 cnm

425 4727 519 4784 ecee
535 4713 648 4788 tenua
666 4708 821 4790 haben:
837 4711 957 4812 „Boni
974 4710 1160 4810 Hungari,
1178 4735 1227 4826 ne
1240 4711 1398 4812 fugiatis
1415 4733 1441 4788 a
1456 4733 1531 4789 me.
