3260 5226
1138 483 1214 560 335

91 681 276 778 camunti,
297 705 343 757 ae
361 680 585 776 angustiati,
615 667 784 756 dominns
815 679 931 756 Gritti
959 681 1049 756 fecit
1068 681 1213 758 litteras

91 807 238 883 misiles
257 829 350 905 erga
368 807 394 883 J
396 829 554 882 oannem
573 805 717 901 Regem
735 805 785 880 ad
803 803 967 880 Budam:
992 805 1070 903 „Ut
1087 829 1214 904 qnem-

90 933 290 1011 admodum
309 941 434 1032 potest
452 934 582 1010 venire
600 933 648 1008 ad
667 931 919 1030 adjuuandom
938 955 1018 1029 nos,
1038 934 1214 1030 quoniam

91 1062 192 1136 male
212 1068 349 1138 essent.
383 1061 435 1135 Et
452 1061 667 1136 recordetur
684 1062 778 1136 bene
798 1059 981 1157 Majestas
1000 1058 1096 1155 Sua,
1123 1083 1214 1158 qno·

93 1187 203 1263 modo
232 1210 304 1283 ego
331 1187 494 1264 fideliter
522 1187 660 1264 serniui
697 1185 769 1263 sibi
798 1187 836 1261 in
865 1187 1057 1264 obsidione
1085 1194 1214 1264 eontra

92 1307 333 1393 alemanos.,“
356 1314 408 1388 Et
425 1321 534 1388 noete
554 1321 636 1390 erat
653 1313 727 1388 ista
746 1313 892 1407 legaeio
903 1312 948 1387 de
963 1314 1213 1408 gubernatore

91 1437 139 1511 ad
169 1439 314 1536 Regem
342 1431 549 1538 Joannem3
588 1441 655 1518 sed
683 1441 765 1515 Rex
793 1463 949 1536 eumque
986 1441 1215 1541 respexisset

91 1566 260 1660 litteras,
289 1570 516 1645 relacionem
545 1571 712 1647 breuiter
744 1569 869 1644 iecit:
904 1570 1037 1666 „Vnde
1063 1591 1212 1668 possum

93 1695 217 1792 ipsum
237 1695 445 1794 adjunare?
476 1695 638 1774 Gentem
665 1721 740 1774 non
758 1696 901 1792 habco,
932 1719 1078 1794 queque
1096 1697 1213 1773 habn-

95 1843 201 1897 ersm
220 1821 359 1898 milites
377 1825 446 1898 sub
466 1847 545 1918 me,
575 1846 704 1900 omnes
731 1824 845 1901 habet
871 1824 959 1899 illos
978 1825 1048 1900 sub
1067 1847 1119 1900 se.
1139 1822 1214 1900 Sed

94 1947 132 2021 in
163 1956 344 2044 qnantum
371 1972 523 2048 possum
551 1951 748 2026 adinabo.“
789 1951 840 2024 Et
866 1951 1031 2027 absoluit
1057 1952 1112 2026 ire
1135 1953 1213 2048 jam

92 2075 260 2170 legatum
279 2097 418 2156 eorum.

202 2200 310 2276 Alter
328 2211 485 2278 venerat
511 2211 619 2280 nocte
647 2205 796 2299 legatus
823 2227 1021 2302 precursor
1040 2228 1086 2280 ex
1106 2211 1213 2301 parte

95 2327 288 2422 regnicole
324 2327 683 2424 Transsiluanien.‚
721 2332 769 2406 ab
807 2331 997 2408 vninersis
1035 2331 1214 2427 epistolas

95 2453 375 2530 transferebant
394 2455 442 2529 ad
461 2479 594 2532 manas
622 2457 855 2552 Regiestatis
883 2481 1013 2553 rogan.
1034 2479 1079 2530 ae
1092 2457 1213 2553 ,supli-

96 2605 178 2657 can.
201 2609 210 2654 ε
235 2581 311 2678 „Vt
328 2604 563 2680 nequaqnam
582 2585 711 2660 veniat
730 2583 807 2660 Sua
827 2584 1009 2681 Majestas
1037 2583 1084 2658 ad
1109 2581 1212 2679 adju·

98 2707 258 2783 nandum
297 2731 436 2784 eorum.
476 2709 606 2786 Nescit
625 2709 704 2786 Sua
730 2709 932 2808 Majestas‚
961 2708 1059 2807 quod
1086 2707 1213 2784 ‹leore-
1354 2803 1365 2812 .

99 2843 235 2911 nerunt
254 2835 327 2934 ipsi
347 2837 552 2912 nebulones
563 2836 601 2911 in
616 2839 706 2914 vrbe
717 2836 1093 2934 Constantinopolim,
1113 2839 1212 2933 quod

100 2962 241 3038 vellent
266 2961 304 3036 in
335 2962 477 3057 Regem
506 2964 647 3059 eligere
676 2964 904 3041 Ladonicum
938 2961 1103 3039 Grittim.
1132 2961 1213 3038 Nos

100 3111 190 3184 ergo
210 3111 283 3164 nou
304 3090 543 3186 applicamus,
563 3098 604 3166 11
623 3091 794 3189 adjuaret
811 3115 879 3167 nos
897 3088 975 3166 Sua
994 3089 1114 3185 Regia
1132 3087 1213 3164 Ma·

93 3215 234 3310 jestas‚
263 3215 330 3290 sed
357 3223 500 3292 tantum
520 3218 630 3292 sileat
657 3243 701 3293 ac
726 3226 852 3294 taceat
870 3215 948 3295 Sua
972 3217 1155 3314 Majestas
1173 3216 1212 3290 in

99 3341 218 3436 Barla,
238 3343 328 3438 quia
346 3365 413 3418 nos
431 3351 574 3418 tantam
601 3353 749 3440 gentem
778 3345 979 3438 babemus,
1009 3343 1108 3439 qnod
1125 3366 1211 3441 pos-

98 3491 225 3544 sumus
254 3469 309 3544 111
337 3471 509 3546 nocere.“
542 3471 626 3546 Rex
648 3471 745 3570 qnod
764 3477 1049 3570 presentauerat
1066 3469 1213 3546 litteras

98 3617 236 3690 eornm,
256 3598 479 3673 relacionem
498 3597 595 3674 hanc
612 3599 754 3676 fecerat
773 3601 841 3696 cis,
861 3600 1002 3674 dicen:
1027 3595 1214 3692 „Videant

97 3722 192 3798 bene
210 3723 356 3820 seipsos
374 3723 422 3798 ad
441 3723 731 3823 deffendendum,
751 3728 841 3823 qnia
859 3726 927 3802 lilii
945 3745 1072 3800 eornm
1092 3721 1211 3810 Deum
1313 3782 1317 3791 ,

98 3850 362 3948 obstepescunt
379 3851 428 3925 ad
445 3851 620 3946 futurum,
640 3853 789 3949 quodsi
807 3875 933 3929 curam
952 3851 1129 3950 optimam
1148 3870 1212 3943 ge·

98 3999 179 4051 rere
200 3999 273 4051 non
293 3977 508 4052 valebunt.“
540 3979 589 4054 Et
607 3979 756 4054 illorum
780 3982 894 4056 talem
914 3978 1139 4054 relacionem
1158 3974 1210 4047 11-

98 4103 144 4176 cit
163 4101 260 4178 Rex.
282 4104 332 4179 Et
350 4104 420 4178 hec
439 4103 657 4182 disturbium
677 4115 758 4180 erat
776 4107 959 4181 inoctana
979 4101 1210 4200 Assumptio·

96 4231 152 4306 nis
181 4229 301 4306 Marie
328 4229 414 4306 dnm
444 4233 659 4313 scribebant
686 4254 786 4307 anno
818 4225 1212 4307 1136111111-

99 4357 290 4456 ptembris.
398 4367 401 4376 '

204 4483 255 4558 Et
272 4481 355 4559 Rex
372 4483 542 4576 loannes
556 4507 639 4560 sese
658 4485 874 4581 consilians,
894 4485 932 4562 in
951 4493 1128 4582 quantum
1147 4505 1213 4579 po·

98 4615 167 4688 tuit
186 4618 335 4708 gentem
363 4619 660 4708 congregareral
691 4619 754 4688 aut
782 4612 888 4686 milia
905 4611 1094 4688 hominum
1114 4611 1212 4685 viro-

100 4763 190 4834 mm,
212 4747 249 4812 11
267 4739 312 4812 111
333 4737 439 4812 Bada
467 4737 656 4814 descendit
680 4741 881 4836 paulatim,
903 4747 939 4814 et
959 4761 1104 4816 morose
1123 4759 1208 4837 pas·
