3260 5226
1144 459 1220 536 atr

105 656 304 734 stacionem
331 654 501 750 Regina,
531 654 619 730 ilico
648 653 797 750 Regina
829 655 1029 751 gratulaba
1065 656 1155 753 fuit,
1184 665 1222 732 et

104 783 271 883 precepit
306 783 415 859 fratri
445 779 633 878 Georgio,
673 789 713 858 vt
740 804 869 858 curros
897 791 1128 882 prepararet.
1157 782 1222 858 Ait

103 911 219 988 frater
239 907 482 1011 G(eorgius):
508 907 673 1004 „Currus
692 909 873 985 habemus
891 909 995 1004 satis,
1016 909 1084 985 sed
1104 931 1222 1007 equos

105 1061 176 1113 non
196 1037 388 1132 habemus,
408 1036 498 1132 quia
517 1058 644 1110 omnes
662 1036 931 1112 consumsimus
940 1035 978 1111 in
989 1035 1218 1112 obsidione.“

105 1164 150 1240 ut
180 1163 228 1240 ad
256 1162 327 1238 heo
355 1163 503 1259 Regina
532 1192 540 1236 ε
575 1161 675 1262 „Eas
714 1162 840 1239 statim
868 1162 917 1236 ad
945 1160 1146 1256 Cesaram,
1184 1171 1223 1237 et

105 1289 162 1365 dio
180 1289 252 1366 sibi
272 1311 355 1364 eum
380 1311 472 1364 vooe
501 1311 604 1382 moa,
634 1295 672 1361 et
699 1287 851 1382 rogabis
871 1289 1020 1386 abipso
1040 1311 1155 1384 equos
1175 1289 1224 1364 ad

105 1415 269 1494 curros.“
311 1414 446 1492 Frater
476 1411 666 1508 Georgius
699 1434 844 1489 curren.
882 1413 931 1488 ad
958 1411 1157 1508 Cesaram,
1186 1423 1225 1490 et

105 1548 228 1640 poten.
259 1541 306 1614 ab
325 1563 370 1614 eo
389 1561 505 1636 equos
524 1561 593 1637 pro
613 1537 775 1632 Regina.
802 1537 851 1610 Et
869 1538 923 1612 ait
941 1537 1061 1616 Cesar
1081 1567 1089 1612 ε
1107 1540 1224 1634 „Non

105 1667 254 1743 habetis
282 1662 448 1762 equos?“
481 1663 545 1740 Ait
571 1664 689 1740 frater
719 1661 936 1758 Georgius:
972 1665 1081 1761 „Non
1109 1669 1223 1743 habo-

106 1818 208 1890 mus;
237 1793 325 1890 quia
352 1791 525 1867 Alemani
553 1792 743 1868 nobiseum
773 1814 989 1869 consumere
1015 1795 1219 1870 feoemnt.“

106 1919 225 1999 Gerar
252 1921 335 1997 risit
362 1942 474 2018 super
501 1919 572 1994 heo
599 1919 698 1996 diota
726 1919 854 1995 fratris
874 1918 1046 2016 Georgii.
1069 1923 1133 1998 Ait
1151 1921 1222 1999 Oe-

106 2073 168 2126 sar
190 2077 199 2122 ε
224 2047 377 2144 „Equos
394 2047 491 2122 tales
510 2069 581 2142 ego
600 2069 672 2121 non
692 2044 835 2142 habeo,
866 2047 933 2124 sed
951 2050 1068 2125 boues
1087 2051 1223 2128 multos

106 2175 229 2252 habeo
259 2174 354 2250 inter
383 2174 540 2252 castoris
568 2173 649 2248 mei.
679 2171 738 2247 Ex
757 2173 836 2248 illis
853 2181 1028 2268 quantum
1047 2177 1172 2274 placet
1189 2187 1227 2252 et

112 2302 220 2378 decet
239 2301 396 2399 rapietis
415 2300 460 2374 de
478 2299 577 2395 illis,
598 2307 636 2374 et
663 2300 834 2376 curribus
861 2301 998 2377 vestris
1025 2303 1223 2400 aplioater“

110 2427 158 2501 Et
179 2429 296 2503 frater
315 2425 508 2522 Georgius
526 2427 855 2522 quinquagintaex
866 2426 1018 2523 pecudis
1036 2429 1172 2524 elegit3
1191 2440 1230 2506 et

108 2553 334 2655 oompellere
352 2554 494 2629 fecerat
512 2553 560 2628 ad
578 2575 713 2644 arcem,
733 2560 770 2626 et
789 2553 828 2626 in
839 2534 965 2628 recem
984 2576 1114 2632 eunus
1131 2557 1226 2655 apli-

107 2680 219 2757 cauit.
240 2679 290 2754 Et
314 2703 397 2755 cum
424 2681 557 2776 rebus,
587 2704 632 2756 ae
658 2680 851 2756 thesauris
868 2681 946 2756 suis
963 2679 1148 2778 Reginam
1166 2707 1226 2761 su-

109 2831 178 2906 per
197 2829 345 2884 currum
365 2829 477 2882 vnum
496 2806 627 2884 sedere
646 2808 825 2884 seoerunt.

214 2933 310 3009 Erat
327 2934 402 3010 ista
421 2934 540 3010 mooio
569 2932 714 3029 Regino
741 2957 810 3032 per
827 2955 942 3008 unam
970 2933 1225 3032 ebdomadam,

107 3067 253 3159 etpost
280 3059 439 3138 Joannis
468 3060 743 3136 Deoolaoionis‘
758 3059 807 3135 ad
834 3067 1005 3136 octauam
1033 3061 1129 3139 diem
1158 3085 1225 3162 per

110 3185 209 3264 Ister
229 3186 293 3262 flui
313 3187 408 3262 eitra
426 3186 543 3262 Pesth
564 3180 857 3282 nauigauerunt,
878 3193 916 3259 et
934 3187 990 3262 sio
1007 3210 1089 3263 eum
1108 3195 1227 3263 eeter-

107 3337 155 3390 ua
184 3335 253 3391 sua
279 3313 328 3388 ad
346 3313 470 3389 Thiza
498 3313 663 3390 Warsan
691 3311 873 3411 peruenit.
903 3309 976 3414 ¹¹11
1007 3313 1058 3386 Et
1077 3313 1129 3389 ibi
1149 3313 1222 3389 Re-

108 3441 201 3538 gina
219 3463 360 3517 moram
392 3439 523 3515 habuit
549 3446 725 3535 tanquam
755 3460 823 3536 per
841 3460 952 3512 unam
972 3437 1226 3534 ebdomadam,

107 3573 144 3642 et
162 3565 363 3664 suspirium
392 3563 647 3664 accepissent3
677 3571 714 3636 et
741 3563 792 3637 ibi
822 3586 926 3640 esum
944 3565 1227 3641 refocillandum

108 3693 332 3770 habuerunt.
353 3693 404 3766 Et
421 3697 555 3790 postea
574 3699 697 3766 autem
717 3689 865 3768 nouiter
884 3691 988 3788 ipsos
1006 3693 1109 3766 alere
1127 3693 1226 3768 foue-

108 3829 179 3898 rat.
211 3819 438 3918 Inoeperunt
465 3819 559 3896 mori
587 3840 656 3894 sua
684 3841 774 3915 pars
801 3823 953 3893 caterua
990 3818 1227 3916 Polouorum,

109 3947 288 4044 quoniam
306 3969 402 4042 gens
421 3955 535 4022 tenua
554 3951 655 4038 erat,
684 3967 758 4020 non
776 3945 950 4041 robusta,
981 3968 1090 4042 quam
1121 3945 1228 4022 Hun-

107 4073 203 4169 gari.
235 4073 285 4148 Et
303 4073 356 4148 ibi
374 4073 413 4146 in
432 4073 594 4150 eeclesia
620 4073 771 4170 sepulta
798 4079 856 4148 est
884 4073 1023 4149 ancilla
1050 4096 1125 4148 vna
1143 4094 1228 4170 pre·

109 4185 218 4276 ¹clara
247 4197 466 4295 magnifica,
502 4207 539 4272 et
564 4219 660 4274 vnus
688 4197 908 4294 magnificus
936 4199 1101 4276 Poioaus
1128 4197 1229 4276 sirri-

108 4327 195 4402 iiter
225 4327 351 4402 obitus
378 4325 459 4402 fuit.
500 4326 549 4400 Et
577 4327 696 4430 ipsum
721 4325 834 4423 jussit
861 4325 1010 4420 Regina
1043 4323 1227 4424 sepellire.

109 4453 222 4550 Quod
243 4452 335 4528 vidit
353 4453 393 4528 iu
411 4453 494 4527 loeo
523 4451 687 4526 Warsan
715 4459 858 4550 pestem
886 4473 1039 4526 nasorum
1058 4450 1203 4546 Regina
1219 4475 1228 4539 ς

110 4589 245 4681 postea
265 4578 453 4676 Georgius
466 4578 580 4675 jussit
598 4579 742 4654 ciuibus
762 4599 876 4674 equos
895 4577 1069 4652 ordinare
1082 4577 1131 4652 ad
1145 4600 1227 4651 our-

111 4735 175 4786 ros
195 4707 363 4803 Regiae,
391 4715 428 4778 et
446 4707 563 4782 boues
581 4703 736 4781 Cesaris
755 4727 822 4801 pro
842 4705 924 4778 loeo
945 4703 1087 4888 deff.
1108 4705 1158 4778 Et
1175 4703 1229 4778 sie
