3238 5228
394 506 474 589 298

393 710 546 788 Domini
569 707 671 786 1530
690 712 729 788 in
749 735 876 786 manse
904 711 1037 788 Marcii
1065 714 1102 786 in
1131 715 1190 788 die
1219 715 1310 791 Diui
1330 713 1515 812 Gregorii

393 841 509 937 Pape.
539 839 588 912 Et
606 839 669 914 isti
690 838 897 934 Hungarici
926 841 1124 937 optimates
1152 841 1304 917 difficile
1332 842 1517 918 dederant

392 987 505 1042 voces
523 989 613 1042 auus
632 965 680 1040 ad
699 965 994 1042 constituendum
1024 965 1321 1046 Gubernatorem
1347 969 1517 1046 Ludoui-

391 1115 475 1169 oum
494 1090 633 1187 Gritti,
663 1093 752 1189 quia
771 1092 944 1170 dicebant
972 1093 1068 1190 Regi
1086 1093 1256 1172 Joanni:
1282 1095 1404 1193 ,Num
1425 1097 1518 1194 quid

391 1238 433 1296 es
451 1227 491 1294 tu
510 1241 624 1318 puer,
654 1217 735 1294 Rex
765 1219 949 1318 Majestas
977 1219 1091 1296 Tua?
1119 1221 1322 1298 Decuisset
1349 1244 1435 1299 eum
1454 1225 1515 1300 ia-

394 1369 491 1442 cere,
512 1346 544 1422 si
562 1367 656 1444 puer
676 1348 816 1423 esses.“
839 1345 900 1424 Ita
909 1347 1015 1442 adeo,
1036 1348 1134 1444 quod
1154 1345 1311 1424 Stabilis
1329 1346 1363 1450 *)
1382 1351 1517 1448 presul

391 1473 750 1551 Transilwanienais
773 1495 856 1550 cum
875 1497 965 1552 voce
985 1497 1056 1553 sua
1073 1483 1181 1552 extra
1199 1476 1295 1554 ierat
1313 1477 1362 1554 ad
1379 1477 1517 1576 hospi·⁴

390 1602 487 1678 cium
515 1601 699 1696 ciuitatis,
738 1603 915 1701 solusque
952 1606 1125 1681 currebat
1151 1605 1337 1702 pedester.
1356 1605 1426 1694 ,Et
1452 1627 1515 1678 me

390 1737 503 1827 quum
523 1728 627 1824 vidit,
648 1729 817 1826 rogauit,
839 1736 879 1804 vt
897 1753 980 1806 oum
999 1753 1065 1826 eo,
1085 1731 1134 1806 ad
1152 1729 1361 1826 hospicium
1380 1731 1515 1828 explo-

389 1879 530 1950 rarem,
559 1856 677 1932 etsie
705 1879 788 1932 cum
811 1881 854 1936 eo
873 1859 1045 1935 transiui.
1076 1859 1125 1933 Et
1145 1857 1252 1954 quasi
1282 1864 1516 1954 conquestus

388 1983 604 2060 declarabat
622 1983 715 2084 mihi
734 1985 808 2060 ista
826 1985 968 2061 omnia.
993 1985 1068 2062 Sed
1097 1985 1181 2061 Rex
1196 1987 1276 2083 jam
1296 2007 1370 2060 uon
1389 1985 1511 2060 confi-

388 2111 500 2185 debat
512 2112 591 2208 jam
611 2111 687 2206 eis,
718 2112 805 2209 quia
833 2120 1003 2192 senserat
1029 2133 1193 2212 pauper,
1223 2111 1322 2209 qnod
1340 2111 1515 2209 proditus

387 2238 521 2313 fuisset
538 2261 607 2336 per
625 2234 743 2338 eo(s),
773 2239 834 2336 qui
854 2263 928 2315 non
956 2246 1065 2315 erant
1083 2240 1121 2314 in
1139 2239 1350 2316 tentacione
1371 2235 1513 2335 Regie-

391 2365 521 2459 statis,
550 2387 596 2439 ex
626 2365 692 2441 illo
713 2365 993 2442 adolescentulo
1021 2365 1217 2442 Alemano.
1247 2365 1300 2440 Et
1322 2364 1425 2440 misit
1441 2387 1512 2461 gu-

388 2492 625 2569 bernatorem
653 2491 835 2568 (irrittium
854 2493 893 2568 in
921 2492 1117 2590 legacione
1136 2492 1184 2566 ad
1203 2491 1415 2568 Tartarum
1435 2486 1511 2567 Ge·

388 2637 510 2695 sarem
548 2619 680 2694 Zotam
719 2624 829 2697 Zella
858 2617 934 2722 l⁴¹),
972 2627 1011 2695 et
1047 2642 1129 2696 cum
1157 2642 1203 2694 eo
1232 2618 1511 2697 adolescentem

387 2744 620 2823 Alemanum.
641 2747 691 2823 Et
709 2747 792 2824 Rex
810 2749 860 2824 ad
879 2749 1229 2826 Transsiluaniam.

493 2871 543 2948 Et
561 2873 691 2950 eodem
710 2897 808 2950 anno
831 2873 932 2952 1637
951 2875 1037 2951 dnm
1057 2875 1314 2968 scribebatur,
1334 2879 1420 2971 post
1439 2870 1511 2948 tec

388 2989 509 3075 Cesar
527 2999 664 3076 Zoltan
683 3001 803 3076 Zelim
822 2993 969 3078 rursum
988 3001 1142 3080 miserat
1160 3003 1271 3078 istum
1289 2999 1511 3076 adolescem-

385 3134 459 3200 tem
488 3123 718 3203 Germanum
737 3128 785 3203 ad
803 3125 947 3224 Regem
966 3128 1151 3206 Joannem
1179 3131 1276 3204 bene
1293 3145 1511 3204 renumera-

385 3261 461 3328 tum
491 3277 572 3330 cum
609 3255 866 3332 hornamentis
894 3255 1105 3332 'Parcarum
1143 3253 1302 3330 modum.
1342 3251 1392 3326 Et
1428 3251 1512 3348 ipse

385 3401 543 3479 cumque
579 3389 735 3458 venerat
763 3383 810 3458 ad
838 3383 961 3458 locum
990 3381 1156 3457 ciuitatis
1193 3378 1366 3476 Zeghed,
1406 3375 1509 3474 quod

387 3509 543 3586 audiens
562 3507 643 3584 Rex
664 3532 739 3585 non
757 3516 858 3584 esset
876 3509 914 3584 in
935 3509 1059 3602 Beda,
1080 3507 1126 3582 de
1146 3505 1361 3603 Zeghcdino
1380 3507 1525 3582 reour·'

385 3639 449 3712 sus
468 3643 549 3712 erat
576 3643 663 3734 post
691 3635 835 3732 Regem
853 3635 901 3711 ad
928 3635 1276 3712 Transsiluaniam.
1305 3631 1402 3708 (lum
1422 3655 1509 3730 per·

386 3765 552 3840 uenisset
571 3765 618 3840 ad
637 3765 786 3863 opidum
814 3764 973 3865 Enyedh
991 3765 1089 3840 inter
1108 3761 1319 3840 Germanos
1337 3760 1513 3836 Saxones

385 3868 661 3988 cognoscebant
696 3913 780 3966 enm
815 3893 868 3968 ibi
907 3892 1029 3985 ciues,
1060 3899 1097 3966 et
1126 3889 1173 3966 ad
1200 3889 1394 3986 prandium
1426 3909 1510 3963 cum

383 4018 524 4094 honore
544 4043 679 4115 magno
708 4011 972 4116 susceperunt,
1002 4017 1098 4095 sicut
1117 4041 1186 4116 par
1206 4017 1359 4115 paribus
1380 4013 1511 4092 asimi-

383 4147 494 4222 latur.
526 4145 577 4220 Et
601 4145 652 4222 ibi
681 4145 918 4244 peruenisset
946 4169 1028 4222 eum
1053 4149 1152 4243 jam,
1182 4151 1221 4218 et
1248 4163 1342 4217 cena
1360 4149 1512 4241 tempus

384 4273 591 4370 permansit
610 4273 656 4346 ad
676 4279 821 4348 noctem
841 4295 956 4370 super
975 4293 1118 4346 cenam.
1151 4269 1202 4344 Et
1219 4269 1392 4345 sciebant
1409 4267 1513 4344 Gor·

384 4401 484 4475 mani
504 4421 633 4475 omues
653 4397 842 4494 Saxones,
863 4395 961 4496 duod
980 4397 1051 4474 iste
1071 4397 1293 4474 adolescens
1310 4394 1366 4471 sic
1385 4395 1514 4474 ded'n·

420 4691 441 4752 ')
462 4683 539 4738 azaz
559 4683 692 4740 Statilius
713 4683 802 4740 danos
822 4685 931 4756 erdelyi
953 4683 1074 4755 plispolx.

401 4797 437 4856 ¹⁸)
458 4791 586 4849 Kesdbbi
610 4791 664 4848 lez
684 4793 755 4850 dltal
773 4793 887 4866 jacitra
909 4793 1072 4864 ,Solimnu“
