3294 5208
1207 459 1233 536 5

146 653 280 748 bennit,
302 653 553 749 juramentum
580 653 670 728 lecit
698 674 811 750 super
830 676 988 748 crucem,
1019 655 1118 750 quod
1136 679 1228 732 uun·

148 801 238 877 qmm
252 779 508 857 recordaretur
518 779 563 856 de
582 787 700 854 morte
710 779 839 855 fratris
858 781 929 856 sui.
950 781 1135 858 Viderunt
1153 807 1231 857 ma-

146 915 254 1000 gnates
269 906 544 1004 Huugaroruur‚
571 908 671 1004 quod
689 909 800 984 liberi
819 908 976 983 arbitrio
995 908 1106 984 fidem
1125 933 1231 986 suam

146 1033 394 1130 proposuisset,
432 1032 667 1110 confidebant
685 1033 732 1108 ei.
761 1032 928 1126 Michapl
956 1032 1100 1130 Soilagi
1127 1037 1231 1112 nullo

145 1158 231 1234 modo
247 1159 501 1234 consentiebat
515 1159 625 1254 Regi,
646 1160 712 1235 sed
732 1160 858 1257 potius
868 1182 1047 1254 germano
1067 1182 1134 1237 suo
1153 1161 1229 1235 La-

144 1283 254 1380 dislao,
263 1291 303 1358 ut
311 1284 579 1361 interficiamus
589 1283 745 1380 Regem,
765 1286 854 1382 quia
867 1293 1024 1360 mortem
1032 1309 1101 1382 pro
1112 1295 1230 1363 morte

143 1431 318 1508 perpessus
328 1412 416 1488 eris.
432 1411 543 1486 Dixit
551 1411 754 1488 Ladislaus
764 1412 943 1512 Hunyadi
963 1414 1226 1489 aunculosuo:

144 1535 232 1630 „Ego
257 1536 367 1611 credo
394 1537 435 1611 in
462 1537 535 1611 fide
562 1537 703 1634 ipsius,
733 1536 831 1633 quod
848 1561 924 1612 non
950 1538 1166 1615 recordetur
1184 1541 1230 1616 de

143 1670 237 1738 morte
253 1665 382 1739 fratris
401 1665 497 1739 rui.“
526 1664 611 1739 Rex
637 1663 841 1740 Ladislaus
870 1663 1082 1742 Germanus
1111 1667 1229 1764 supli-

141 1792 220 1863 cmit
235 1785 415 1865 Ladislao
433 1788 609 1891 Hunyad,
630 1798 671 1865 vt
690 1813 772 1866 cum
799 1793 916 1867 fratre
935 1814 1002 1867 suo
1014 1793 1230 1890 exploraret

141 1913 248 1988 invia
275 1915 323 1990 ad
352 1915 508 1990 Budam.
551 1917 708 1992 Probuit
736 1939 886 1992 sensum
915 1915 1117 1992 Ladislaus
1145 1941 1228 1992 eum

139 2039 233 2115 botre
250 2063 339 2134 suo3
370 2062 524 2136 eumque
541 2041 615 2115 iter
638 2041 868 2137 eripuissent
894 2041 943 2116 ad
969 2041 1228 2118 Zalaukemen

138 2165 214 2239 dixit
229 2165 393 2242 llichael
411 2164 556 2260 Seilagi
573 2165 754 2242 Ladislao
783 2189 984 2260 germano:
1007 2165 1130 2263 „Mihi
1150 2191 1225 2244 non

137 2291 214 2366 bene
231 2297 377 2368 constat
394 2314 515 2388 neque
529 2291 688 2386 videtur,
709 2297 750 2364 vt
768 2297 809 2365 tu
828 2293 998 2386 aequeris
1017 2291 1162 2388 Regem
1179 2294 1228 2368 ad

136 2417 278 2515 Budom3
306 2419 458 2494 ettenim
482 2426 520 2493 te
537 2441 715 2514 germane
733 2417 844 2493 valde
860 2419 996 2514 timc03
1025 2419 1093 2494 sed
1110 2421 1225 2495 inter·

134 2541 221 2621 iolas
236 2544 390 2642 Regem,
412 2545 502 2641 quia
518 2551 558 2619 tu
576 2567 652 2620 non
671 2544 859 2620 suadebis
878 2547 1072 2620 mortem.“
1105 2544 1226 2621 Inter-

134 2667 213 2744 dirit
227 2669 362 2746 vadum
379 2692 449 2767 per
476 2669 692 2745 Danubium
710 2669 789 2744 flui.
811 2669 893 2745 Rex
912 2672 1152 2746 tremefactus
1171 2679 1229 2746 est

133 2799 237 2894 illico,
266 2798 356 2874 fecit
383 2803 490 2872 extra
517 2803 670 2894 portare
698 2796 975 2872 eucharistiam
1002 2795 1224 2872 secundario

128 2927 357 3020 jmamcntum
384 2924 486 2999 fecit.
513 2923 565 2997 Et
582 2923 833 3020 permiserunt
859 2922 1004 3017 Regem
1031 2923 1127 2998 citra
1145 2923 1224 2997 Da-

133 3053 263 3127 nubium
290 3051 477 3145 remigare
503 3047 552 3122 ad
588 3071 712 3123 arcem
741 3048 990 3124 Tituliensem
1018 3049 1057 3122 in
1085 3055 1221 3124 monte.

132 3177 199 3254 Iler
224 3203 295 3256 uon
322 3181 479 3254 multum
504 3179 700 3276 pausanit,
730 3177 796 3254 sed
814 3201 884 3274 per
914 3199 1085 3275 campum
1107 3177 1225 3250 latum

131 3305 282 3383 celeriter
300 3329 455 3382 currens
474 3305 578 3379 venit
596 3303 645 3378 ad
662 3303 828 3398 chhed.
849 3303 909 3379 Ibi
928 3301 1014 3378 Rex
1029 3309 1225 3400 pernocta-

131 3431 185 3505 uit
208 3433 317 3508 llaue
336 3432 536 3507 concilium
554 3432 696 3506 fecerat
724 3430 809 3504 Rex
827 3452 953 3504 coram
982 3428 1168 3505 iudicibus
1187 3437 1225 3504 et

131 3559 342 3652 senioribus,
361 3557 461 3654 quod
479 3557 525 3632 de
543 3564 662 3632 morte
684 3557 816 3632 fratris
834 3555 894 3630 sui
912 3578 987 3630 uon
1005 3555 1221 3631 recordare·

131 3689 190 3758 tur.
206 3685 294 3761 Post
311 3684 383 3760 has
402 3689 584 3758 venerunt
603 3682 652 3758 ad
670 3681 821 3780 opidum
838 3680 1093 3756 Kechkemet.

222 3809 426 3914 3³1Quidem
436 3811 637 3885 intervallo
646 3809 827 3908 temporis
837 3807 967 3883 eodem
976 3815 1227 3904 temporeerat

136 3959 270 4032 magnus
281 3939 454 4014 domiuus
463 3938 646 4012 Nicolaus
655 3935 850 4035 waywoda
865 3935 911 4010 de
920 3934 1223 4028 Zerem·Villak;

135 4069 164 4134 et
180 4073 251 4140 erat
267 4065 459 4163 palatinus
469 4065 594 4160 Regni
605 4063 813 4160 Hungarie.
835 4059 945 4152 Quod
963 4060 1130 4135 audisset
1147 4067 1223 4133 tam

135 4185 333 4265 horribilem
351 4212 538 4265 rumorem
557 4189 655 4264 inter
673 4188 816 4282 Regem
826 4193 863 4260 et
881 4187 979 4261 inter
998 4184 1223 4259 Michaelem

135 4312 264 4418 Zilngp‚
292 4341 380 4392 mox
406 4339 490 4392 cum
517 4323 669 4394 caterua
697 4338 766 4392 sua
789 4337 903 4413 super
930 4313 1146 4388 Danubium
1163 4337 1221 4388 re·

135 4443 296 4538 migasset
327 4467 460 4521 versus
488 4445 633 4520 Budam
660 4443 769 4540 quasi
797 4443 894 4516 clam
922 4446 959 4514 et
989 4437 1222 4513 festinanter.
1307 4424 1311 4438 ’

135 4563 365 4656 Quamobrem
392 4571 537 4667 Regem
558 4569 779 4646 Ladislaum
806 4569 889 4666 ipse
918 4571 1113 4642 creauerat
1141 4585 1223 4638 eum

133 4695 382 4796 subparibus,
402 4707 439 4776 et
455 4702 607 4777 tenebat
626 4721 708 4774 oum
734 4695 841 4792 Rege
860 4693 1035 4788 firmiter,
1055 4690 1122 4767 sed
1141 4687 1223 4766 oum
