3248 5210
382 436 459 516 120

263 671 266 683 ·
378 634 553 714 deliciunt
562 631 714 710 uncie
728 633 804 710 Sed
812 632 1045 712 Laurentius
1055 637 1130 714 dux
1141 638 1288 716 dicebat
1309 639 1501 737 „Domine

379 763 475 858 Rex,
497 761 658 839 ascende
677 753 1159 863 superiusversusBudom,
1172 767 1496 843 nonestmirum.“

378 891 430 966 Et
448 890 520 966 iste
547 888 760 965 Traoianus
788 889 937 966 dicebat
962 891 1031 965 tali
1058 891 1198 990 forma,
1229 892 1319 990 quia
1344 892 1416 968 iste
1436 891 1502 969 vir

378 1023 461 1092 erat
497 1021 629 1091 cautus
657 1015 705 1092 ad
736 1015 951 1091 bellandum
988 1017 1136 1093 nomine
1174 1018 1297 1094 Bositt
1333 1017 1499 1114 Radieh,

380 1143 497 1220 verba
516 1141 706 1217 'Preciana
724 1141 912 1218 dicebant:
937 1141 1180 1242 ,Quiapauci
1198 1167 1378 1240 essemus,
1391 1167 1500 1241 ergo,

378 1269 626 1348 Serenissime
653 1269 760 1366 Rex,
782 1269 1028 1347 ascendamus
1055 1273 1229 1370 superius
1256 1294 1390 1350 versus
1418 1273 1499 1348 Bu·

377 1397 497 1472 dam.“
530 1395 654 1489 Quum
672 1397 743 1473 heo
763 1397 914 1473 audien.
933 1399 1125 1498 principes
1143 1399 1316 1476 dixerunt
1335 1427 1344 1475 τ
1367 1399 1500 1498 „Vere

376 1531 451 1602 non
470 1531 532 1601 eat
551 1525 734 1624 Majestas
752 1527 913 1622 Vestra,
942 1528 1032 1624 quia
1058 1529 1134 1604 iam
1153 1528 1304 1626 Regina
1322 1528 1367 1604 (le
1386 1526 1501 1604 Buda

378 1652 500 1728 missit
516 1675 585 1751 pro
604 1659 716 1748 gente
735 1653 783 1728 ad
803 1650 1057 1750 Germaniam,
1078 1662 1117 1731 et
1134 1656 1289 1732 veniunt
1301 1657 1381 1754 jam
1399 1656 1500 1732 mul-

375 1778 495 1855 titudo
522 1779 722 1854 hominum.
753 1781 805 1855 Et
832 1780 965 1856 deinde
993 1781 1112 1857 eoiam
1139 1782 1333 1880 palatinus
1352 1782 1401 1858 ad
1420 1781 1498 1860 Oo-

227 1893 229 1897 ’
376 1906 525 1982 mitates
552 1907 655 1982 misit
681 1909 939 2008 preeeptorias
966 1909 1254 2006 uniuersaliter,
1279 1917 1321 1984 vt
1338 1919 1501 2007 surgant

376 2033 500 2110 ooloni
517 2033 778 2131 personaliter,
799 2035 862 2132 qui
880 2035 1003 2134 possit
1022 2059 1126 2111 arma
1144 2057 1281 2135 capere
1300 2035 1495 2112 veniant.“

483 2159 577 2235 Inde
596 2160 745 2256 quidem
771 2163 978 2260 practicam
1005 2163 1169 2239 litteram
1196 2163 1429 2262 scripserant
1446 2161 1499 2238 ad

375 2283 672 2382 Fertinandum,
700 2287 798 2384 quod
816 2309 891 2364 non
910 2295 969 2364 est
985 2310 1140 2367 necesse
1160 2288 1216 2365 eis
1234 2289 1384 2384 venire,
1405 2289 1500 2386 quia

375 2391 469 2490 satis
493 2411 675 2490 habemus
698 2421 852 2511 gentes,
882 2415 1112 2492 solummodo
1140 2415 1283 2512 eligant
1299 2415 1498 2514 pecunias.

374 2539 545 2617 loannes
573 2539 672 2616 Doci
690 2547 727 2615 et
755 2542 899 2619 Paulus
927 2543 1128 2642 episcopus
1155 2541 1355 2638 Agriensis
1383 2543 1498 2618 intel·

374 2667 548 2744 lexerunt
571 2667 670 2766 quod
688 2665 843 2746 Cesaris
871 2669 1023 2768 agmina
1051 2671 1168 2746 multa
1187 2677 1288 2748 esset
1306 2676 1344 2746 et
1362 2669 1501 2746 darent

375 2795 448 2871 cito
478 2795 711 2892 conflictum,
742 2797 817 2896 ipsi
848 2800 957 2876 ambo
985 2799 1055 2875 sub
1082 2797 1251 2892 nomine,
1281 2795 1380 2895 quod
1408 2804 1500 2897 post

374 2929 522 3020 gentem
551 2923 658 3000 ibunt
675 2931 713 2998 et
732 2923 909 3001 ducerent
927 2925 975 3002 ad
994 2925 1138 3022 Regem
1165 2947 1234 3026 pro
1263 2924 1496 3020 defensione,

374 3058 557 3126 venerant
575 3049 736 3148 quidem,
757 3051 825 3128 sed
843 3052 1088 3148 negligebant
1106 3053 1269 3152 amplius
1287 3052 1343 3128 ire
1358 3050 1496 3128 adlte-

373 3197 459 3273 gcm
477 3173 709 3252 Ludouicum
728 3175 776 3252 ad
799 3200 972 3276 eampum
1000 3177 1176 3255 llohaclr.
1206 3177 1258 3254 ut
1274 3201 1369 3275 gens
1397 3199 1494 3254 nun·

291 3357 294 3366 ,
376 3326 486 3402 quam
515 3303 712 3401 conparuit
744 3302 973 3381 Germanica
1009 3306 1138 3382 venire
1167 3305 1216 3382 ad
1242 3304 1496 3382 adiuuandum

374 3430 519 3526 Regem
538 3427 756 3526 Hungarie3
788 3437 826 3504 et
852 3429 1021 3507 Joannes
1047 3431 1211 3506 vaiuoda
1238 3437 1320 3506 erat
1347 3432 1386 3508 in
1413 3430 1495 3508 De-

373 3558 537 3636 brechen
556 3565 769 3654 cumgente
788 3557 953 3658 copiosa,
973 3558 1040 3635 sed
1058 3559 1318 3658 principaliter
1337 3559 1494 3638 militem

374 3687 653 3784 Huugarorum.

479 3815 533 3891 Et
550 3838 574 3890 a
591 3813 741 3892 Joanne
765 3813 928 3892 vaiuodc
954 3814 1153 3916 sepissime
1179 3820 1352 3912 rogatum
1370 3813 1492 3891 habu·

374 3949 492 4038 erant,
512 3949 554 4017 vt
570 3948 701 4019 contra
719 3939 874 4018 Turkos
891 3947 1115 4040 pugnarent.
1135 3939 1490 4040 FrancisousBodo,

374 4069 469 4176 (qui)
488 4071 585 4148 alios
604 4070 759 4148 Turlros
777 4069 1020 4166 devastabat,
1046 4076 1084 4145 et
1101 4069 1200 4168 quod
1227 4069 1383 4148 audieus
1401 4093 1491 4148 mox

245 4255 250 4266 .
373 4199 619 4296 redarguerat
645 4199 787 4298 ipsum,
816 4198 916 4299 quod
942 4199 1041 4275 male
1060 4197 1213 4275 lecisset
1230 4203 1268 4274 et
1292 4199 1377 4298 ipse
1394 4199 1492 4297 opti-

374 4347 456 4404 mus
483 4325 593 4403 miles
620 4325 715 4404 Jesu
743 4327 989 4403 exacerbatus
1018 4330 1119 4420 erat,
1149 4322 1247 4422 quod
1273 4329 1329 4400 tot
1347 4325 1493 4404 animae

374 4453 676 4532 christicolarum
704 4458 868 4530 mactant
885 4457 925 4527 et
941 4448 1130 4528 trucidant
1157 4471 1240 4527 oum
1258 4473 1395 4547 magno
1412 4475 1490 4530 me·

373 4605 458 4660 rore
477 4579 738 4658 ediscendum
757 4602 885 4657 casum
903 4577 1016 4655 dedit.
1045 4576 1215 4657 Joannes
1234 4577 1398 4655 vaiuoda
1416 4577 1488 4657 Oe·

374 4708 452 4787 sari
479 4709 653 4786 simulan.
682 4707 936 4802 renunciauit,
970 4712 1012 4782 vt
1039 4729 1085 4782 ue
1114 4705 1269 4783 multum
1296 4715 1487 4806 pausaret,
