<?xml version="1.0" encoding="UTF-8"?>
<!DOCTYPE html PUBLIC "-//W3C//DTD XHTML 1.0 Transitional//EN"
    "http://www.w3.org/TR/xhtml1/DTD/xhtml1-transitional.dtd">
<html xmlns="http://www.w3.org/1999/xhtml" xml:lang="en" lang="en">
 <head>
  <title>
</title>
<meta http-equiv="Content-Type" content="text/html;charset=utf-8" />
  <meta name='ocr-system' content='tesseract 3.04.00' />
  <meta name='ocr-capabilities' content='ocr_page ocr_carea ocr_par ocr_line ocrx_word'/>
</head>
<body>
  <div class='ocr_page' id='page_1' title='image "./emlkiratamagyar00wenzgoog_0165.png"; bbox 0 0 3248 5210; ppageno 0'>
   <div class='ocr_carea' id='block_1_1' title="bbox 409 505 484 584">
    <p class='ocr_par' dir='ltr' id='par_1_1' title="bbox 409 505 484 584">
     <span class='ocr_line' id='line_1_1' title="bbox 409 505 484 584; baseline -0.027 0"><span class='ocrx_word' id='word_1_1' title='bbox 409 505 484 584; x_wconf 88' lang='lat'>118</span> 
     </span>
    </p>
   </div>
   <div class='ocr_carea' id='block_1_2' title="bbox 408 687 1547 2578">
    <p class='ocr_par' dir='ltr' id='par_1_2' title="bbox 408 687 1547 2578">
     <span class='ocr_line' id='line_1_2' title="bbox 408 687 1533 804; baseline 0.001 -21"><span class='ocrx_word' id='word_1_2' title='bbox 408 705 594 784; x_wconf 90' lang='lat' dir='ltr'>lummodo</span> <span class='ocrx_word' id='word_1_3' title='bbox 613 711 734 781; x_wconf 91' lang='lat' dir='ltr'>suttor</span> <span class='ocrx_word' id='word_1_4' title='bbox 753 687 1060 804; x_wconf 59' lang='lat' dir='ltr'><strong>archiepiscopus</strong></span> <span class='ocrx_word' id='word_1_5' title='bbox 1080 707 1316 785; x_wconf 79' lang='lat' dir='ltr'>confortabat</span> <span class='ocrx_word' id='word_1_6' title='bbox 1331 697 1533 785; x_wconf 79' lang='lat' dir='ltr'>aliusnon.</span> 
     </span>
     <span class='ocr_line' id='line_1_3' title="bbox 409 813 1536 941; baseline -0.002 -29"><span class='ocrx_word' id='word_1_7' title='bbox 409 835 571 912; x_wconf 86' lang='lat' dir='ltr'>Dicebat</span> <span class='ocrx_word' id='word_1_8' title='bbox 598 833 696 929; x_wconf 86' lang='lat' dir='ltr'>Regi</span> <span class='ocrx_word' id='word_1_9' title='bbox 716 813 782 908; x_wconf 84' lang='lat' dir='ltr'>ille</span> <span class='ocrx_word' id='word_1_10' title='bbox 801 833 898 941; x_wconf 83' lang='lat' dir='ltr'>latro</span> <span class='ocrx_word' id='word_1_11' title='bbox 919 859 928 905; x_wconf 76' lang='grc' dir='ltr'><strong><em>ε</em></strong></span> <span class='ocrx_word' id='word_1_12' title='bbox 952 832 1076 930; x_wconf 86' lang='lat' dir='ltr'>,Dum</span> <span class='ocrx_word' id='word_1_13' title='bbox 1095 855 1166 929; x_wconf 87' lang='lat' dir='ltr'>ego</span> <span class='ocrx_word' id='word_1_14' title='bbox 1190 833 1336 912; x_wconf 82' lang='lat' dir='ltr'>fueram</span> <span class='ocrx_word' id='word_1_15' title='bbox 1354 835 1536 912; x_wconf 91' lang='lat' dir='ltr'>scolasti-</span> 
     </span>
     <span class='ocr_line' id='line_1_4' title="bbox 409 961 1537 1061; baseline 0.001 -22"><span class='ocrx_word' id='word_1_16' title='bbox 409 985 476 1040; x_wconf 90' lang='lat' dir='ltr'>cus</span> <span class='ocrx_word' id='word_1_17' title='bbox 496 969 533 1036; x_wconf 91' lang='lat' dir='ltr'>et</span> <span class='ocrx_word' id='word_1_18' title='bbox 552 967 675 1038; x_wconf 89' lang='lat' dir='ltr'>rector</span> <span class='ocrx_word' id='word_1_19' title='bbox 702 962 826 1056; x_wconf 91' lang='lat' dir='ltr'>scole,</span> <span class='ocrx_word' id='word_1_20' title='bbox 855 967 897 1035; x_wconf 89' lang='lat' dir='ltr'>vt</span> <span class='ocrx_word' id='word_1_21' title='bbox 924 961 1155 1036; x_wconf 81' lang='lat' dir='ltr'>meretricem</span> <span class='ocrx_word' id='word_1_22' title='bbox 1183 985 1332 1061; x_wconf 81' lang='lat' dir='ltr'>semper</span> <span class='ocrx_word' id='word_1_23' title='bbox 1359 963 1537 1040; x_wconf 89' lang='lat' dir='ltr'>solebam</span> 
     </span>
     <span class='ocr_line' id='line_1_5' title="bbox 409 1087 1537 1187; baseline 0.001 -22"><span class='ocrx_word' id='word_1_24' title='bbox 409 1112 521 1166; x_wconf 82' lang='lat' dir='ltr'>vnum</span> <span class='ocrx_word' id='word_1_25' title='bbox 541 1089 754 1166; x_wconf 89' lang='lat' dir='ltr'>abubulcis</span> <span class='ocrx_word' id='word_1_26' title='bbox 782 1090 950 1166; x_wconf 81' lang='lat' dir='ltr'>solebam</span> <span class='ocrx_word' id='word_1_27' title='bbox 978 1089 1149 1187; x_wconf 87' lang='lat' dir='ltr'>accipere</span> <span class='ocrx_word' id='word_1_28' title='bbox 1176 1087 1272 1164; x_wconf 85' lang='lat' dir='ltr'>cum¹</span> <span class='ocrx_word' id='word_1_29' title='bbox 1286 1089 1414 1186; x_wconf 90' lang='lat' dir='ltr'>gladio</span> <span class='ocrx_word' id='word_1_30' title='bbox 1444 1092 1537 1186; x_wconf 82' lang='lat' dir='ltr'>mei,</span> 
     </span>
     <span class='ocr_line' id='line_1_6' title="bbox 411 1215 1538 1314; baseline 0.003 -23"><span class='ocrx_word' id='word_1_31' title='bbox 411 1225 448 1291; x_wconf 92' lang='lat' dir='ltr'>ct</span> <span class='ocrx_word' id='word_1_32' title='bbox 466 1217 521 1292; x_wconf 93' lang='lat' dir='ltr'>nil</span> <span class='ocrx_word' id='word_1_33' title='bbox 539 1215 630 1290; x_wconf 92' lang='lat' dir='ltr'>mibi</span> <span class='ocrx_word' id='word_1_34' title='bbox 648 1221 823 1314; x_wconf 89' lang='lat' dir='ltr'>poterant</span> <span class='ocrx_word' id='word_1_35' title='bbox 841 1215 1015 1310; x_wconf 72' lang='lat' dir='ltr'>resilere,</span> <span class='ocrx_word' id='word_1_36' title='bbox 1036 1221 1200 1291; x_wconf 92' lang='lat' dir='ltr'>attamen</span> <span class='ocrx_word' id='word_1_37' title='bbox 1219 1223 1328 1293; x_wconf 89' lang='lat' dir='ltr'>erant</span> <span class='ocrx_word' id='word_1_38' title='bbox 1345 1217 1538 1294; x_wconf 90' lang='lat' dir='ltr'>interdum</span> 
     </span>
     <span class='ocr_line' id='line_1_7' title="bbox 412 1335 1540 1448; baseline 0.004 -31"><span class='ocrx_word' id='word_1_39' title='bbox 412 1342 621 1438; x_wconf 78' lang='lat' dir='ltr'>duodecim,</span> <span class='ocrx_word' id='word_1_40' title='bbox 642 1340 790 1438; x_wconf 88' lang='lat' dir='ltr'>quando</span> <span class='ocrx_word' id='word_1_41' title='bbox 808 1335 932 1416; x_wconf 86' lang='lat' dir='ltr'>minus</span> <span class='ocrx_word' id='word_1_42' title='bbox 951 1347 1033 1448; x_wconf 78' lang='lat' dir='ltr'>erat</span> <span class='ocrx_word' id='word_1_43' title='bbox 1051 1341 1305 1440; x_wconf 76' lang='lat' dir='ltr'>accipiebam,</span> <span class='ocrx_word' id='word_1_44' title='bbox 1325 1349 1402 1418; x_wconf 89' lang='lat' dir='ltr'>tam</span> <span class='ocrx_word' id='word_1_45' title='bbox 1421 1344 1540 1422; x_wconf 86' lang='lat' dir='ltr'>msses</span> 
     </span>
     <span class='ocr_line' id='line_1_8' title="bbox 413 1465 1542 1565; baseline 0.001 -20"><span class='ocrx_word' id='word_1_46' title='bbox 413 1492 506 1565; x_wconf 89' lang='lat' dir='ltr'>sum,</span> <span class='ocrx_word' id='word_1_47' title='bbox 527 1468 673 1544; x_wconf 89' lang='lat' dir='ltr'>domine</span> <span class='ocrx_word' id='word_1_48' title='bbox 692 1466 814 1542; x_wconf 88' lang='lat' dir='ltr'>Rex.“</span> <span class='ocrx_word' id='word_1_49' title='bbox 838 1467 889 1542; x_wconf 90' lang='lat' dir='ltr'>Et</span> <span class='ocrx_word' id='word_1_50' title='bbox 907 1465 956 1542; x_wconf 92' lang='lat' dir='ltr'>ad</span> <span class='ocrx_word' id='word_1_51' title='bbox 972 1473 1075 1542; x_wconf 89' lang='lat' dir='ltr'>rates</span> <span class='ocrx_word' id='word_1_52' title='bbox 1093 1467 1248 1563; x_wconf 86' lang='lat' dir='ltr'>ingenia</span> <span class='ocrx_word' id='word_1_53' title='bbox 1267 1467 1542 1547; x_wconf 88' lang='lat' dir='ltr'>ordinauerant</span> 
     </span>
     <span class='ocr_line' id='line_1_9' title="bbox 414 1593 1543 1693; baseline 0.001 -22"><span class='ocrx_word' id='word_1_54' title='bbox 414 1595 535 1690; x_wconf 90' lang='lat' dir='ltr'>Regie</span> <span class='ocrx_word' id='word_1_55' title='bbox 569 1593 783 1693; x_wconf 84' lang='lat' dir='ltr'>Majestatis</span> <span class='ocrx_word' id='word_1_56' title='bbox 821 1593 902 1670; x_wconf 91' lang='lat' dir='ltr'>sine</span> <span class='ocrx_word' id='word_1_57' title='bbox 939 1593 1151 1690; x_wconf 81' lang='lat' dir='ltr'>magistris,</span> <span class='ocrx_word' id='word_1_58' title='bbox 1177 1601 1216 1668; x_wconf 92' lang='lat' dir='ltr'>et</span> <span class='ocrx_word' id='word_1_59' title='bbox 1240 1594 1325 1670; x_wconf 88' lang='lat' dir='ltr'>Rex</span> <span class='ocrx_word' id='word_1_60' title='bbox 1352 1595 1398 1671; x_wconf 91' lang='lat' dir='ltr'>de</span> <span class='ocrx_word' id='word_1_61' title='bbox 1426 1597 1543 1672; x_wconf 83' lang='lat' dir='ltr'>Buda</span> 
     </span>
     <span class='ocr_line' id='line_1_10' title="bbox 415 1720 1544 1819; baseline 0.001 -22"><span class='ocrx_word' id='word_1_62' title='bbox 415 1723 585 1798; x_wconf 88' lang='lat' dir='ltr'>exiuerat</span> <span class='ocrx_word' id='word_1_63' title='bbox 607 1727 751 1796; x_wconf 89' lang='lat' dir='ltr'>tantum</span> <span class='ocrx_word' id='word_1_64' title='bbox 776 1741 859 1796; x_wconf 91' lang='lat' dir='ltr'>cum</span> <span class='ocrx_word' id='word_1_65' title='bbox 888 1721 1007 1796; x_wconf 88' lang='lat' dir='ltr'>milite</span> <span class='ocrx_word' id='word_1_66' title='bbox 1034 1726 1176 1797; x_wconf 88' lang='lat' dir='ltr'>suttore</span> <span class='ocrx_word' id='word_1_67' title='bbox 1206 1720 1478 1819; x_wconf 90' lang='lat' dir='ltr'>Strigonicnsi,</span> <span class='ocrx_word' id='word_1_68' title='bbox 1501 1731 1544 1798; x_wconf 88' lang='lat' dir='ltr'>et</span> 
     </span>
     <span class='ocr_line' id='line_1_11' title="bbox 416 1848 1542 1947; baseline -0.002 -20"><span class='ocrx_word' id='word_1_69' title='bbox 416 1850 530 1927; x_wconf 87' lang='lat' dir='ltr'>aulici</span> <span class='ocrx_word' id='word_1_70' title='bbox 548 1848 607 1924; x_wconf 92' lang='lat' dir='ltr'>sui</span> <span class='ocrx_word' id='word_1_71' title='bbox 627 1848 819 1924; x_wconf 91' lang='lat' dir='ltr'>dicebant:</span> <span class='ocrx_word' id='word_1_72' title='bbox 837 1848 1033 1946; x_wconf 68' lang='lat' dir='ltr'>,Domina</span> <span class='ocrx_word' id='word_1_73' title='bbox 1053 1871 1123 1923; x_wconf 89' lang='lat' dir='ltr'>nos</span> <span class='ocrx_word' id='word_1_74' title='bbox 1142 1849 1292 1945; x_wconf 91' lang='lat' dir='ltr'>quidem</span> <span class='ocrx_word' id='word_1_75' title='bbox 1311 1849 1401 1947; x_wconf 91' lang='lat' dir='ltr'>quid</span> <span class='ocrx_word' id='word_1_76' title='bbox 1419 1873 1542 1947; x_wconf 90' lang='lat' dir='ltr'>agen-</span> 
     </span>
     <span class='ocr_line' id='line_1_12' title="bbox 417 1973 1543 2076; baseline 0 -24"><span class='ocrx_word' id='word_1_77' title='bbox 417 1977 503 2052; x_wconf 88' lang='lat' dir='ltr'>dum</span> <span class='ocrx_word' id='word_1_78' title='bbox 522 1982 580 2051; x_wconf 89' lang='lat' dir='ltr'>est</span> <span class='ocrx_word' id='word_1_79' title='bbox 597 1973 707 2051; x_wconf 91' lang='lat' dir='ltr'>nobis</span> <span class='ocrx_word' id='word_1_80' title='bbox 726 1974 787 2050; x_wconf 94' lang='lat' dir='ltr'>hic</span> <span class='ocrx_word' id='word_1_81' title='bbox 805 1976 845 2050; x_wconf 97' lang='lat' dir='ltr'>in</span> <span class='ocrx_word' id='word_1_82' title='bbox 864 1974 971 2050; x_wconf 93' lang='lat' dir='ltr'>domo</span> <span class='ocrx_word' id='word_1_83' title='bbox 997 1973 1139 2048; x_wconf 89' lang='lat' dir='ltr'>Bude.“</span> <span class='ocrx_word' id='word_1_84' title='bbox 1172 1975 1310 2051; x_wconf 82' lang='lat' dir='ltr'>Dixit:</span> <span class='ocrx_word' id='word_1_85' title='bbox 1335 1975 1454 2076; x_wconf 83' lang='lat' dir='ltr'>,Onm</span> <span class='ocrx_word' id='word_1_86' title='bbox 1474 2001 1543 2052; x_wconf 88' lang='lat' dir='ltr'>ca-</span> 
     </span>
     <span class='ocr_line' id='line_1_13' title="bbox 418 2101 1539 2196; baseline 0 -17"><span class='ocrx_word' id='word_1_87' title='bbox 418 2103 552 2180; x_wconf 88' lang='lat' dir='ltr'>niculis</span> <span class='ocrx_word' id='word_1_88' title='bbox 575 2105 670 2178; x_wconf 92' lang='lat' dir='ltr'>hene</span> <span class='ocrx_word' id='word_1_89' title='bbox 698 2102 891 2196; x_wconf 89' lang='lat' dir='ltr'>laborate,</span> <span class='ocrx_word' id='word_1_90' title='bbox 911 2101 972 2178; x_wconf 89' lang='lat' dir='ltr'>bis</span> <span class='ocrx_word' id='word_1_91' title='bbox 992 2101 1032 2176; x_wconf 93' lang='lat' dir='ltr'>in</span> <span class='ocrx_word' id='word_1_92' title='bbox 1050 2125 1125 2178; x_wconf 88' lang='lat' dir='ltr'>vna</span> <span class='ocrx_word' id='word_1_93' title='bbox 1144 2101 1351 2182; x_wconf 85' lang='lat' dir='ltr'>ebdomada</span> <span class='ocrx_word' id='word_1_94' title='bbox 1368 2105 1539 2180; x_wconf 84' lang='lat' dir='ltr'>lauate.“</span> 
     </span>
     <span class='ocr_line' id='line_1_14' title="bbox 418 2228 1547 2326; baseline 0.001 -21"><span class='ocrx_word' id='word_1_95' title='bbox 418 2231 516 2305; x_wconf 84' lang='lat' dir='ltr'>Tam</span> <span class='ocrx_word' id='word_1_96' title='bbox 545 2229 651 2304; x_wconf 90' lang='lat' dir='ltr'>Deus</span> <span class='ocrx_word' id='word_1_97' title='bbox 678 2228 885 2304; x_wconf 89' lang='lat' dir='ltr'>altissimus</span> <span class='ocrx_word' id='word_1_98' title='bbox 912 2235 1073 2303; x_wconf 85' lang='lat' dir='ltr'>mentem</span> <span class='ocrx_word' id='word_1_99' title='bbox 1101 2250 1208 2304; x_wconf 91' lang='lat' dir='ltr'>suam</span> <span class='ocrx_word' id='word_1_100' title='bbox 1237 2233 1475 2326; x_wconf 83' lang='lat' dir='ltr'>ebetsuerat,</span> <span class='ocrx_word' id='word_1_101' title='bbox 1504 2239 1547 2306; x_wconf 91' lang='lat' dir='ltr'>et</span> 
     </span>
     <span class='ocr_line' id='line_1_15' title="bbox 419 2353 1545 2454; baseline 0.001 -23"><span class='ocrx_word' id='word_1_102' title='bbox 419 2355 568 2451; x_wconf 90' lang='lat' dir='ltr'>Regina</span> <span class='ocrx_word' id='word_1_103' title='bbox 595 2353 717 2430; x_wconf 85' lang='lat' dir='ltr'>Mario</span> <span class='ocrx_word' id='word_1_104' title='bbox 745 2353 853 2430; x_wconf 92' lang='lat' dir='ltr'>Buda</span> <span class='ocrx_word' id='word_1_105' title='bbox 875 2355 1081 2450; x_wconf 83' lang='lat' dir='ltr'>&#39;remansit3</span> <span class='ocrx_word' id='word_1_106' title='bbox 1112 2362 1149 2430; x_wconf 90' lang='lat' dir='ltr'>et</span> <span class='ocrx_word' id='word_1_107' title='bbox 1176 2355 1262 2454; x_wconf 90' lang='lat' dir='ltr'>ipsa</span> <span class='ocrx_word' id='word_1_108' title='bbox 1285 2357 1437 2433; x_wconf 91' lang='lat' dir='ltr'>volebat</span> <span class='ocrx_word' id='word_1_109' title='bbox 1455 2379 1545 2432; x_wconf 92' lang='lat' dir='ltr'>cum</span> 
     </span>
     <span class='ocr_line' id='line_1_16' title="bbox 420 2480 1546 2578; baseline 0 -20"><span class='ocrx_word' id='word_1_110' title='bbox 420 2481 527 2578; x_wconf 84' lang='lat' dir='ltr'>Rege</span> <span class='ocrx_word' id='word_1_111' title='bbox 546 2480 593 2556; x_wconf 90' lang='lat' dir='ltr'>ad</span> <span class='ocrx_word' id='word_1_112' title='bbox 620 2481 762 2557; x_wconf 92' lang='lat' dir='ltr'>bellum</span> <span class='ocrx_word' id='word_1_113' title='bbox 790 2481 980 2577; x_wconf 89' lang='lat' dir='ltr'>equitare,</span> <span class='ocrx_word' id='word_1_114' title='bbox 1009 2481 1076 2557; x_wconf 86' lang='lat' dir='ltr'>sed</span> <span class='ocrx_word' id='word_1_115' title='bbox 1103 2481 1223 2558; x_wconf 91' lang='lat' dir='ltr'>noluit</span> <span class='ocrx_word' id='word_1_116' title='bbox 1250 2481 1346 2558; x_wconf 86' lang='lat' dir='ltr'>Rex.</span> <span class='ocrx_word' id='word_1_117' title='bbox 1377 2481 1429 2557; x_wconf 87' lang='lat' dir='ltr'>Et</span> <span class='ocrx_word' id='word_1_118' title='bbox 1456 2491 1546 2578; x_wconf 84' lang='lat' dir='ltr'>octo</span> 
     </span>
    </p>
   </div>
   <div class='ocr_carea' id='block_1_3' title="bbox 420 2605 1550 2962">
    <p class='ocr_par' dir='ltr' id='par_1_3' title="bbox 420 2605 1550 2962">
     <span class='ocr_line' id='line_1_17' title="bbox 420 2605 1546 2707; baseline 0 -22"><span class='ocrx_word' id='word_1_119' title='bbox 420 2607 613 2685; x_wconf 81' lang='lat' dir='ltr'>nouandos</span> <span class='ocrx_word' id='word_1_120' title='bbox 631 2605 797 2686; x_wconf 89' lang='lat' dir='ltr'>babebat</span> <span class='ocrx_word' id='word_1_121' title='bbox 814 2630 959 2706; x_wconf 88' lang='lat' dir='ltr'>pauper</span> <span class='ocrx_word' id='word_1_122' title='bbox 978 2607 1062 2683; x_wconf 90' lang='lat' dir='ltr'>Rex</span> <span class='ocrx_word' id='word_1_123' title='bbox 1081 2631 1195 2707; x_wconf 88' lang='lat' dir='ltr'>super</span> <span class='ocrx_word' id='word_1_124' title='bbox 1213 2607 1344 2684; x_wconf 93' lang='lat' dir='ltr'>fluinm</span> <span class='ocrx_word' id='word_1_125' title='bbox 1358 2609 1546 2704; x_wconf 86' lang='lat' dir='ltr'>Danubii,</span> 
     </span>
     <span class='ocr_line' id='line_1_18' title="bbox 422 2734 1550 2831; baseline 0.002 -19"><span class='ocrx_word' id='word_1_126' title='bbox 422 2743 459 2812; x_wconf 90' lang='lat' dir='ltr'>et</span> <span class='ocrx_word' id='word_1_127' title='bbox 477 2737 536 2812; x_wconf 93' lang='lat' dir='ltr'>illi</span> <span class='ocrx_word' id='word_1_128' title='bbox 555 2741 663 2812; x_wconf 90' lang='lat' dir='ltr'>erant</span> <span class='ocrx_word' id='word_1_129' title='bbox 691 2735 916 2831; x_wconf 87' lang='lat' dir='ltr'>inscientes,</span> <span class='ocrx_word' id='word_1_130' title='bbox 945 2742 1084 2811; x_wconf 89' lang='lat' dir='ltr'>etcum</span> <span class='ocrx_word' id='word_1_131' title='bbox 1104 2759 1149 2811; x_wconf 92' lang='lat' dir='ltr'>eo</span> <span class='ocrx_word' id='word_1_132' title='bbox 1169 2735 1298 2813; x_wconf 89' lang='lat' dir='ltr'>doctor</span> <span class='ocrx_word' id='word_1_133' title='bbox 1326 2734 1550 2814; x_wconf 84' lang='lat' dir='ltr'>Anthonius</span> 
     </span>
     <span class='ocr_line' id='line_1_19' title="bbox 423 2859 1548 2962; baseline 0.002 -24"><span class='ocrx_word' id='word_1_134' title='bbox 423 2861 645 2962; x_wconf 88' lang='lat' dir='ltr'>predicator.</span> <span class='ocrx_word' id='word_1_135' title='bbox 672 2859 841 2960; x_wconf 81' lang='lat' dir='ltr'>Cumque</span> <span class='ocrx_word' id='word_1_136' title='bbox 860 2863 1028 2940; x_wconf 88' lang='lat' dir='ltr'>venisset</span> <span class='ocrx_word' id='word_1_137' title='bbox 1046 2883 1194 2939; x_wconf 86' lang='lat' dir='ltr'>rursum</span> <span class='ocrx_word' id='word_1_138' title='bbox 1214 2863 1261 2938; x_wconf 91' lang='lat' dir='ltr'>ad</span> <span class='ocrx_word' id='word_1_139' title='bbox 1282 2863 1436 2956; x_wconf 84' lang='lat' dir='ltr'>Rotam,</span> <span class='ocrx_word' id='word_1_140' title='bbox 1457 2863 1548 2940; x_wconf 89' lang='lat' dir='ltr'>Rex</span> 
     </span>
    </p>
   </div>
   <div class='ocr_carea' id='block_1_4' title="bbox 423 2990 1553 3212">
    <p class='ocr_par' dir='ltr' id='par_1_4' title="bbox 423 2990 1553 3212">
     <span class='ocr_line' id='line_1_20' title="bbox 423 2990 1553 3090; baseline 0.004 -27"><span class='ocrx_word' id='word_1_141' title='bbox 423 2990 513 3064; x_wconf 88' lang='lat' dir='ltr'>iecit</span> <span class='ocrx_word' id='word_1_142' title='bbox 540 2991 813 3068; x_wconf 83' lang='lat' dir='ltr'>confessionem</span> <span class='ocrx_word' id='word_1_143' title='bbox 850 3014 982 3090; x_wconf 93' lang='lat' dir='ltr'>puram</span> <span class='ocrx_word' id='word_1_144' title='bbox 1011 2997 1049 3066; x_wconf 91' lang='lat' dir='ltr'>et</span> <span class='ocrx_word' id='word_1_145' title='bbox 1071 2991 1324 3070; x_wconf 81' lang='lat' dir='ltr'>eucaristiam</span> <span class='ocrx_word' id='word_1_146' title='bbox 1352 2993 1553 3070; x_wconf 90' lang='lat' dir='ltr'>summssit</span> 
     </span>
     <span class='ocr_line' id='line_1_21' title="bbox 425 3116 798 3212; baseline 0.003 -21"><span class='ocrx_word' id='word_1_147' title='bbox 425 3116 629 3192; x_wconf 87' lang='lat' dir='ltr'>deuocione</span> <span class='ocrx_word' id='word_1_148' title='bbox 649 3139 798 3212; x_wconf 88' lang='lat' dir='ltr'>magna.</span> 
     </span>
    </p>
   </div>
   <div class='ocr_carea' id='block_1_5' title="bbox 397 3241 1561 4871">
    <p class='ocr_par' dir='ltr' id='par_1_5' title="bbox 397 3241 1558 4360">
     <span class='ocr_line' id='line_1_22' title="bbox 533 3241 1552 3322; baseline 0.006 -6"><span class='ocrx_word' id='word_1_149' title='bbox 533 3241 698 3318; x_wconf 88' lang='lat' dir='ltr'>Posthec</span> <span class='ocrx_word' id='word_1_150' title='bbox 722 3241 916 3319; x_wconf 87' lang='lat' dir='ltr'>descendit</span> <span class='ocrx_word' id='word_1_151' title='bbox 934 3243 983 3318; x_wconf 92' lang='lat' dir='ltr'>ad</span> <span class='ocrx_word' id='word_1_152' title='bbox 1002 3242 1166 3320; x_wconf 88' lang='lat' dir='ltr'>Mobacb</span> <span class='ocrx_word' id='word_1_153' title='bbox 1186 3251 1224 3320; x_wconf 92' lang='lat' dir='ltr'>et</span> <span class='ocrx_word' id='word_1_154' title='bbox 1242 3244 1295 3321; x_wconf 93' lang='lat' dir='ltr'>ibi</span> <span class='ocrx_word' id='word_1_155' title='bbox 1325 3251 1450 3321; x_wconf 85' lang='lat' dir='ltr'>castra</span> <span class='ocrx_word' id='word_1_156' title='bbox 1469 3268 1552 3322; x_wconf 89' lang='lat' dir='ltr'>me-</span> 
     </span>
     <span class='ocr_line' id='line_1_23' title="bbox 425 3367 1556 3468; baseline 0.003 -23"><span class='ocrx_word' id='word_1_157' title='bbox 425 3375 528 3446; x_wconf 86' lang='lat' dir='ltr'>tatus</span> <span class='ocrx_word' id='word_1_158' title='bbox 545 3369 627 3445; x_wconf 86' lang='lat' dir='ltr'>fuit.</span> <span class='ocrx_word' id='word_1_159' title='bbox 649 3367 849 3446; x_wconf 85' lang='lat' dir='ltr'>Etcumeo</span> <span class='ocrx_word' id='word_1_160' title='bbox 861 3377 942 3446; x_wconf 87' lang='lat' dir='ltr'>erat</span> <span class='ocrx_word' id='word_1_161' title='bbox 961 3368 1175 3468; x_wconf 88' lang='lat' dir='ltr'>Stephanus</span> <span class='ocrx_word' id='word_1_162' title='bbox 1195 3371 1322 3466; x_wconf 84' lang='lat' dir='ltr'>Baton,</span> <span class='ocrx_word' id='word_1_163' title='bbox 1342 3369 1556 3448; x_wconf 84' lang='lat' dir='ltr'>Ladislaus</span> 
     </span>
     <span class='ocr_line' id='line_1_24' title="bbox 428 3494 1556 3597; baseline 0.002 -25"><span class='ocrx_word' id='word_1_164' title='bbox 428 3495 553 3590; x_wconf 88' lang='lat' dir='ltr'>More,</span> <span class='ocrx_word' id='word_1_165' title='bbox 573 3495 801 3574; x_wconf 82' lang='lat' dir='ltr'>Franciscus</span> <span class='ocrx_word' id='word_1_166' title='bbox 820 3497 1033 3597; x_wconf 86' lang='lat' dir='ltr'>Battyany,</span> <span class='ocrx_word' id='word_1_167' title='bbox 1054 3497 1190 3575; x_wconf 86' lang='lat' dir='ltr'>Petrus</span> <span class='ocrx_word' id='word_1_168' title='bbox 1210 3498 1333 3592; x_wconf 93' lang='lat' dir='ltr'>Prini,</span> <span class='ocrx_word' id='word_1_169' title='bbox 1354 3494 1556 3593; x_wconf 81' lang='lat' dir='ltr'>Georgius</span> 
     </span>
     <span class='ocr_line' id='line_1_25' title="bbox 428 3621 1555 3723; baseline -0.004 -21"><span class='ocrx_word' id='word_1_170' title='bbox 428 3623 689 3723; x_wconf 86' lang='lat' dir='ltr'>Sepusiensis,</span> <span class='ocrx_word' id='word_1_171' title='bbox 729 3623 898 3700; x_wconf 83' lang='lat' dir='ltr'>Thomas</span> <span class='ocrx_word' id='word_1_172' title='bbox 936 3621 1097 3700; x_wconf 86' lang='lat' dir='ltr'>Schechi</span> <span class='ocrx_word' id='word_1_173' title='bbox 1126 3631 1164 3700; x_wconf 93' lang='lat' dir='ltr'>et</span> <span class='ocrx_word' id='word_1_174' title='bbox 1192 3623 1309 3702; x_wconf 78' lang='lat' dir='ltr'>oncri</span> <span class='ocrx_word' id='word_1_175' title='bbox 1345 3626 1480 3719; x_wconf 88' lang='lat' dir='ltr'>hassa,</span> <span class='ocrx_word' id='word_1_176' title='bbox 1511 3633 1555 3699; x_wconf 91' lang='lat' dir='ltr'>et</span> 
     </span>
     <span class='ocr_line' id='line_1_26' title="bbox 429 3749 1555 3848; baseline -0.003 -19"><span class='ocrx_word' id='word_1_177' title='bbox 429 3749 680 3829; x_wconf 86' lang='lat' dir='ltr'>cancellarius</span> <span class='ocrx_word' id='word_1_178' title='bbox 707 3749 918 3830; x_wconf 86' lang='lat' dir='ltr'>Ladislaus</span> <span class='ocrx_word' id='word_1_179' title='bbox 940 3756 1060 3827; x_wconf 83' lang='lat' dir='ltr'>sutton</span> <span class='ocrx_word' id='word_1_180' title='bbox 1097 3749 1388 3848; x_wconf 78' lang='lat' dir='ltr'>strigoniensis,</span> <span class='ocrx_word' id='word_1_181' title='bbox 1427 3749 1555 3828; x_wconf 83' lang='lat' dir='ltr'>Fran·</span> 
     </span>
     <span class='ocr_line' id='line_1_27' title="bbox 430 3875 1554 3973; baseline -0.004 -16"><span class='ocrx_word' id='word_1_182' title='bbox 430 3881 553 3958; x_wconf 90' lang='lat' dir='ltr'>oiscus</span> <span class='ocrx_word' id='word_1_183' title='bbox 571 3877 678 3956; x_wconf 91' lang='lat' dir='ltr'>Prini</span> <span class='ocrx_word' id='word_1_184' title='bbox 697 3876 972 3973; x_wconf 88' lang='lat' dir='ltr'>Waradiensis,</span> <span class='ocrx_word' id='word_1_185' title='bbox 993 3875 1181 3952; x_wconf 89' lang='lat' dir='ltr'>Palooide</span> <span class='ocrx_word' id='word_1_186' title='bbox 1201 3875 1371 3972; x_wconf 80' lang='lat' dir='ltr'>Obanad,</span> <span class='ocrx_word' id='word_1_187' title='bbox 1391 3881 1429 3951; x_wconf 92' lang='lat' dir='ltr'>et</span> <span class='ocrx_word' id='word_1_188' title='bbox 1447 3875 1554 3952; x_wconf 87' lang='lat' dir='ltr'>Pau-</span> 
     </span>
     <span class='ocr_line' id='line_1_28' title="bbox 397 3993 1556 4106; baseline -0.007 -20"><span class='ocrx_word' id='word_1_189' title='bbox 397 3993 405 4010; x_wconf 61' lang='lat'>⁴</span> <span class='ocrx_word' id='word_1_190' title='bbox 429 4011 491 4086; x_wconf 88' lang='lat' dir='ltr'>lus</span> <span class='ocrx_word' id='word_1_191' title='bbox 509 4008 710 4106; x_wconf 87' lang='lat' dir='ltr'>episcopus</span> <span class='ocrx_word' id='word_1_192' title='bbox 728 4004 775 4080; x_wconf 90' lang='lat' dir='ltr'>de</span> <span class='ocrx_word' id='word_1_193' title='bbox 794 4001 1147 4101; x_wconf 83' lang='lat' dir='ltr'>Agriaethilipus</span> <span class='ocrx_word' id='word_1_194' title='bbox 1165 4001 1272 4081; x_wconf 88' lang='lat' dir='ltr'>More</span> <span class='ocrx_word' id='word_1_195' title='bbox 1291 4003 1337 4079; x_wconf 93' lang='lat' dir='ltr'>dc</span> <span class='ocrx_word' id='word_1_196' title='bbox 1357 4001 1556 4100; x_wconf 81' lang='lat' dir='ltr'>Quinque-</span> 
     </span>
     <span class='ocr_line' id='line_1_29' title="bbox 431 4129 1558 4230; baseline -0.004 -17"><span class='ocrx_word' id='word_1_197' title='bbox 431 4135 671 4230; x_wconf 84' lang='lat' dir='ltr'>Ecclcsien.,</span> <span class='ocrx_word' id='word_1_198' title='bbox 710 4131 881 4230; x_wconf 89' lang='lat' dir='ltr'>quierat</span> <span class='ocrx_word' id='word_1_199' title='bbox 917 4131 1115 4228; x_wconf 84' lang='lat' dir='ltr'>exignator</span> <span class='ocrx_word' id='word_1_200' title='bbox 1143 4129 1190 4207; x_wconf 87' lang='lat' dir='ltr'>de</span> <span class='ocrx_word' id='word_1_201' title='bbox 1218 4129 1325 4208; x_wconf 92' lang='lat' dir='ltr'>domo</span> <span class='ocrx_word' id='word_1_202' title='bbox 1368 4129 1442 4206; x_wconf 93' lang='lat' dir='ltr'>Dei</span> <span class='ocrx_word' id='word_1_203' title='bbox 1480 4153 1558 4208; x_wconf 87' lang='lat' dir='ltr'>vas</span> 
     </span>
     <span class='ocr_line' id='line_1_30' title="bbox 432 4269 644 4360; baseline -0.019 -20"><span class='ocrx_word' id='word_1_204' title='bbox 432 4269 644 4360; x_wconf 85' lang='lat' dir='ltr'>argenteas.</span> 
     </span>
    </p>

    <p class='ocr_par' dir='ltr' id='par_1_6' title="bbox 434 4383 1561 4871">
     <span class='ocr_line' id='line_1_31' title="bbox 539 4383 1560 4482; baseline -0.005 -16"><span class='ocrx_word' id='word_1_205' title='bbox 539 4388 664 4482; x_wconf 83' lang='lat' dir='ltr'>Quum</span> <span class='ocrx_word' id='word_1_206' title='bbox 693 4387 765 4465; x_wconf 90' lang='lat' dir='ltr'>heo</span> <span class='ocrx_word' id='word_1_207' title='bbox 791 4385 960 4466; x_wconf 87' lang='lat' dir='ltr'>audisset</span> <span class='ocrx_word' id='word_1_208' title='bbox 984 4385 1105 4466; x_wconf 79' lang='lat' dir='ltr'>Cesar</span> <span class='ocrx_word' id='word_1_209' title='bbox 1132 4385 1341 4465; x_wconf 76' lang='lat' dir='ltr'>Tmoarum</span> <span class='ocrx_word' id='word_1_210' title='bbox 1363 4383 1560 4462; x_wconf 87' lang='lat' dir='ltr'>ecclesias</span> 
     </span>
     <span class='ocr_line' id='line_1_32' title="bbox 434 4512 1557 4614; baseline -0.008 -18"><span class='ocrx_word' id='word_1_211' title='bbox 434 4541 524 4596; x_wconf 88' lang='lat' dir='ltr'>suas</span> <span class='ocrx_word' id='word_1_212' title='bbox 552 4523 750 4596; x_wconf 79' lang='lat' dir='ltr'>taxassent</span> <span class='ocrx_word' id='word_1_213' title='bbox 776 4515 972 4614; x_wconf 86' lang='lat' dir='ltr'>Hungari,</span> <span class='ocrx_word' id='word_1_214' title='bbox 1001 4515 1176 4593; x_wconf 88' lang='lat' dir='ltr'>dicebat:</span> <span class='ocrx_word' id='word_1_215' title='bbox 1200 4515 1325 4613; x_wconf 82' lang='lat' dir='ltr'>,Vere</span> <span class='ocrx_word' id='word_1_216' title='bbox 1348 4512 1470 4588; x_wconf 88' lang='lat' dir='ltr'>Deum</span> <span class='ocrx_word' id='word_1_217' title='bbox 1490 4533 1557 4588; x_wconf 90' lang='lat' dir='ltr'>su-</span> 
     </span>
     <span class='ocr_line' id='line_1_33' title="bbox 436 4639 1561 4742; baseline -0.006 -20"><span class='ocrx_word' id='word_1_218' title='bbox 436 4668 541 4722; x_wconf 87' lang='lat' dir='ltr'>orum</span> <span class='ocrx_word' id='word_1_219' title='bbox 560 4645 680 4723; x_wconf 90' lang='lat' dir='ltr'>eciam</span> <span class='ocrx_word' id='word_1_220' title='bbox 699 4641 911 4740; x_wconf 79' lang='lat' dir='ltr'>Christum,</span> <span class='ocrx_word' id='word_1_221' title='bbox 938 4643 1001 4742; x_wconf 92' lang='lat' dir='ltr'>qui</span> <span class='ocrx_word' id='word_1_222' title='bbox 1030 4643 1152 4720; x_wconf 90' lang='lat' dir='ltr'>Deum</span> <span class='ocrx_word' id='word_1_223' title='bbox 1172 4647 1211 4719; x_wconf 93' lang='lat' dir='ltr'>et</span> <span class='ocrx_word' id='word_1_224' title='bbox 1227 4639 1416 4718; x_wconf 92' lang='lat' dir='ltr'>bominem</span> <span class='ocrx_word' id='word_1_225' title='bbox 1434 4639 1561 4715; x_wconf 86' lang='lat' dir='ltr'>iatent</span> 
     </span>
     <span class='ocr_line' id='line_1_34' title="bbox 437 4769 1560 4871; baseline -0.007 -22"><span class='ocrx_word' id='word_1_226' title='bbox 437 4779 475 4849; x_wconf 85' lang='lat' dir='ltr'>et</span> <span class='ocrx_word' id='word_1_227' title='bbox 492 4771 663 4868; x_wconf 86' lang='lat' dir='ltr'>credent,</span> <span class='ocrx_word' id='word_1_228' title='bbox 686 4773 766 4871; x_wconf 85' lang='lat' dir='ltr'>jam</span> <span class='ocrx_word' id='word_1_229' title='bbox 794 4769 983 4848; x_wconf 78' lang='lat' dir='ltr'>inimicum</span> <span class='ocrx_word' id='word_1_230' title='bbox 1012 4769 1284 4870; x_wconf 76' lang='lat' dir='ltr'>deputaretunt</span> <span class='ocrx_word' id='word_1_231' title='bbox 1301 4772 1340 4845; x_wconf 85' lang='lat' dir='ltr'>et</span> <span class='ocrx_word' id='word_1_232' title='bbox 1357 4771 1560 4844; x_wconf 80' lang='lat' dir='ltr'>statuerunt</span> 
     </span>
    </p>
   </div>
   <div class='ocr_carea' id='block_1_6' title="bbox 0 0 1664 5210">
    <p class='ocr_par' dir='ltr' id='par_1_7' title="bbox 0 0 1664 5210">
     <span class='ocr_line' id='line_1_35' title="bbox 0 0 1664 5210; baseline 0 0"><span class='ocrx_word' id='word_1_233' title='bbox 0 0 1664 5210; x_wconf 95' lang='lat' dir='ltr'> </span> 
     </span>
    </p>
   </div>
  </div>
 </body>
</html>
