3260 5226
1057 451 1059 456 ’
1147 475 1226 556 eor

97 700 205 773 gens
225 699 296 754 sna
314 677 354 756 in
373 675 454 756 dies
472 673 668 754 deficiebat
695 677 767 770 ita,
798 675 895 774 quod
923 676 969 752 de
989 675 1140 782 ciuitate
1158 699 1228 778 per

98 827 257 882 murum
285 802 432 904 pedites
469 827 515 880 ac
541 799 644 883 ciues
680 801 890 884 Lutteriani
928 803 1047 882 nudas
1080 803 1226 881 natioas
1322 793 1325 810 '

98 953 200 1008 suas
229 931 451 1008 blasfeman.
489 930 643 1009 Turkos
681 935 854 1030 agebant.
885 929 1005 1024 Quum
1035 931 1129 1006 vidit
1156 929 1226 1008 hec

98 1057 311 1162 latrocinia
329 1055 448 1132 Cesar
467 1055 697 1155 Turoarnm,
718 1080 784 1134 seu
803 1059 872 1151 sit,
892 1058 990 1156 quod
1008 1082 1082 1133 non
1101 1063 1227 1134 essent

100 1184 223 1284 probi
251 1184 344 1280 viri,
383 1183 450 1262 sed
476 1207 570 1280 gens
606 1185 853 1284 pussilanima
880 1207 926 1261 ac
953 1183 1226 1284 inpudimcnta;

103 1313 241 1390 statim
269 1310 388 1392 Cesar
407 1319 488 1389 erat
507 1312 709 1412 inspiratus
727 1337 795 1412 per
814 1315 988 1412 angelum
1008 1312 1104 1408 Dei,
1132 1313 1229 1390 sicut

102 1437 330 1516 Alexander
358 1460 535 1534 magnos,
564 1445 605 1512 vt
629 1445 796 1520 mouerat
827 1461 912 1515 sese
940 1461 1022 1516 oum
1050 1439 1132 1516 acie
1159 1461 1227 1516 sua

102 1573 242 1640 eontra
259 1564 510 1659 Jerussalem,
543 1572 580 1640 et
599 1564 787 1662 affligeret
814 1588 880 1644 eos
906 1573 1060 1666 propter
1085 1565 1225 1644 blasfe-

103 1692 224 1768 miam
242 1714 370 1767 eorum
389 1698 517 1768 contra
536 1690 670 1767 Deum.

218 1817 268 1892 Et
285 1817 385 1894 misit
411 1819 556 1894 litteras
574 1818 622 1893 ad
640 1817 814 1922 regiones
841 1819 1030 1918 predictas
1048 1819 1145 1898 inter
1164 1841 1224 1896 co·

104 1947 234 2040 lones,
255 1952 295 2020 vt
312 1946 468 2042 quilibet
485 1946 531 2022 de
549 1947 707 2023 baronia
725 1947 770 2022 de
790 1945 954 2044 Somogh
975 1947 1097 2045 ulgus
1115 1945 1224 2044 quili-

107 2075 177 2148 bet
186 2095 269 2148 cum
281 2073 417 2160 aratris
426 2075 506 2150 suis
515 2075 584 2150 sub
595 2073 715 2172 capite
724 2073 964 2172 priuaoionis.
977 2073 1027 2154 Et
1046 2079 1228 2150 venerunt

108 2199 159 2274 ad
175 2198 366 2298 jussiones
394 2197 547 2276 Oesaris
576 2221 658 2274 cnm
677 2199 814 2275 aratris
832 2197 910 2275 suis
930 2205 1065 2274 etcum
1085 2199 1224 2275 securi·

106 2328 181 2403 bus
208 2325 298 2402 suis.
327 2326 379 2400 Et
396 2326 565 2426 precepit
599 2325 676 2420 cis,
706 2321 815 2424 Μὶν·
845 2331 885 2398 vt
912 2331 1026 2400 totum
1054 2347 1226 2424 campum

107 2453 179 2529 snb
198 2459 339 2532 utratro
359 2453 593 2554 acciperent,
614 2460 652 2526 et
670 2451 741 2528 duo
762 2451 867 2527 milia
885 2449 1046 2551 pecudes
1066 2473 1146 2526 cum
1165 2475 1225 2530 oe-

107 2581 261 2660 curibus
287 2579 421 2658 siluam
448 2586 564 2656 totam
592 2579 805 2658 deciderent
833 2579 881 2654 ad
908 2585 1066 2674 terram3
1095 2585 1132 2653 et
1158 2578 1227 2655 illa

109 2709 217 2806 ligno
233 2708 446 2806 proicerent
459 2708 569 2804 juxta
588 2703 789 2806 palludem‚
810 2713 848 2780 et
865 2705 933 2781 illa
943 2703 1102 2781 arabilia
1111 2727 1227 2804 suprc

110 2834 216 2932 ligna
243 2833 490 2910 infunderent.
519 2831 569 2906 Et
597 2831 754 2930 quilibet
771 2828 919 2906 Turcns
937 2853 1012 2906 non
1031 2837 1112 2906 erat
1129 2830 1226 2906 inter

112 2959 217 3058 ipsos
237 2960 411 3058 acceptio
429 2981 611 3058 persone,
640 2957 708 3034 sed
734 2955 907 3034 hilariter
934 2945 1134 3056 capiebant
1150 2964 1224 3034 ter-

110 3110 191 3164 ram
210 3087 248 3162 iu
266 3085 557 3174 moribundis,
577 3085 639 3183 qui
657 3107 771 3183 super
791 3107 944 3184 equum,
972 3085 1035 3184 qni
1053 3082 1227 3184 pedester

110 3213 327 3312 bajolabant
336 3219 474 3287 terram
484 3219 522 3287 et
539 3211 644 3308 ligna
655 3211 736 3286 siue
745 3189 951 3307 Hungarus
969 3211 1049 3287 siue
1068 3209 1225 3304 Torone,

111 3340 175 3438 qni
188 3341 268 3437 Jam
287 3337 529 3416 adherebant.
559 3339 611 3424 Et
633 3337 753 3414 tribus
772 3337 901 3415 diebus
929 3359 1104 3436 magnum
1122 3361 1224 3413 mon·

110 3476 185 3543 tem
203 3466 447 3543 infundebant
473 3467 637 3566 bajolan.
658 3490 740 3542 eum
758 3474 871 3562 terra,
882 3473 1010 3544 etcum
1029 3465 1145 3564 ligna.
1165 3463 1225 3538 Ita

110 3617 225 3692 agere
238 3595 374 3671 montis
387 3594 427 3669 in
437 3593 626 3670 ciuitatem
642 3593 871 3692 aspicibant,
892 3601 929 3667 et
947 3591 1066 3670 Cesar
1081 3591 1224 3668 Turoc-

110 3745 192 3798 rum
202 3707 372 3822 precepit
390 3722 468 3798 suis
485 3721 670 3818 gentibus,
687 3727 728 3794 vt
736 3719 955 3796 incederent
964 3721 1012 3796 ad
1024 3719 1224 3818 imppetum

110 3847 340 3926 suburbium.
374 3847 504 3944 „Quod
522 3847 554 3924 si
572 3847 790 3924 suburbium
818 3867 1014 3946 possumus
1040 3845 1223 3944 accipere,

112 4000 199 4052 mox
219 3981 347 4050 noster
357 3969 428 4051 erit
438 3975 573 4050 ciuitas
583 3979 739 4068 murata,
760 3978 797 4048 et
814 3973 1032 4051 thesaurum
1050 3994 1224 4070 magnum

111 4101 270 4203 potestis
297 4102 357 4179 ibi·
376 4102 424 4178 ad
450 4101 641 4180 comodum
670 4099 843 4178 utilitatis
879 4101 1016 4178 vestris
1052 4099 1222 4198 adipisci.

112 4232 165 4306 Et
183 4251 291 4306 nemo
310 4252 356 4304 ex
376 4231 483 4308 vobis
502 4229 683 4324 extrebit3
711 4229 771 4304 cni
799 4229 896 4327 qnod
920 4252 1002 4308 sors
1021 4226 1222 4322 reduxerit,

112 4379 219 4434 suurn
240 4363 308 4434 est.
995 4449 998 4454 1

218 4481 268 4558 Et
294 4489 475 4580 oeperunt
503 4482 645 4559 irruere
680 4481 792 4558 corde
826 4479 1011 4582 perlecto,
1041 4486 1079 4554 et
1104 4477 1223 4556 eciam

117 4611 220 4687 intus
239 4609 302 4706 qui
320 4607 510 4704 nominati,
531 4617 572 4684 vt
589 4631 712 4708 snpra,
731 4607 882 4683 nimium
901 4607 1142 4708 prostrabant
1159 4628 1222 4684 eos

113 4735 295 4832 gentiles3
327 4733 381 4810 ita
408 4735 507 4832 quod
529 4737 607 4834 jam
633 4737 734 4812 intus
754 4735 793 4811 in
813 4735 906 4812 vicis
924 4735 1131 4836 platearum
1149 4756 1223 4814 nou
