3248 5210
515 903 518 910 “
636 893 976 1018 (ulrrnunum
995 917 1218 1023 xxxvu).

479 1131 573 1208 Post
590 1133 912 1229 expugnaeionem
938 1141 1064 1211 castra
1087 1142 1248 1212 metatus
1266 1141 1348 1212 erat
1367 1133 1498 1212 Cesar

374 1259 583 1336 Turearum
601 1259 641 1334 in
659 1283 790 1358 eampo
819 1261 1008 1357 Mohaeh,
1038 1271 1076 1338 et
1103 1266 1326 1362 expectabat
1353 1263 1497 1356 adhue,

373 1387 408 1464 si
427 1392 553 1462 essent
579 1385 677 1462 iuter
705 1385 908 1484 Hungaros
937 1389 1054 1486 aliqui
1083 1387 1213 1466 hostes
1241 1396 1372 1466 annua
1389 1411 1495 1464 eum.

374 1512 498 1606 Quum
525 1513 706 1590 sensisset
742 1512 863 1591 Cesar
898 1515 1108 1592 Tmuarum
1135 1517 1341 1612 neminem,
1370 1515 1499 1592 ereuit

374 1642 539 1738 seipsum
557 1663 691 1718 versus
711 1641 856 1717 Budam
875 1666 989 1741 super
1008 1665 1144 1741 aquam
1153 1650 1191 1719 et
1198 1651 1349 1719 terram.
1364 1643 1498 1740 Vlgus

376 1768 517 1844 Buden.
547 1775 585 1844 et
611 1768 776 1845 Pestien.
816 1772 1039 1869 spectabant
1075 1771 1263 1848 Joannem
1291 1769 1498 1846 vaiuodam

376 1897 552 1974 messiam
568 1905 723 1996 propter
749 1900 905 1975 tutelam
932 1899 1073 1997 ipsius,
1094 1899 1254 1976 sednon
1272 1919 1496 1975 conoessum

374 2031 457 2102 erat
474 2024 501 2102 J
503 2048 660 2100 oannem
678 2025 888 2124 minoium,
900 2027 1033 2122 ignoro
1045 2027 1218 2122 siaDeo,
1229 2027 1262 2102 si
1281 2051 1305 2100 a
1323 2025 1496 2102 diabolo.

352 2207 355 2216 .
377 2151 488 2244 Quod
504 2152 781 2230 intellexissent
799 2154 993 2232 Budenses
1012 2163 1050 2230 et
1067 2155 1304 2250 Pestienses‚
1334 2153 1499 2250 quilibet

377 2302 445 2379 pro
465 2302 506 2356 se
526 2288 797 2379 preparauerat
820 2305 861 2358 se
890 2281 938 2356 ad
964 2281 1122 2378 iturum,
1149 2281 1200 2356 ad
1217 2303 1330 2378 quam
1347 2287 1498 2378 partem

377 2405 556 2482 volebant
582 2407 658 2503 ire,
687 2407 869 2485 velociter
899 2409 1109 2484 currebant.
1141 2407 1193 2482 Et
1210 2407 1323 2483 vidue
1339 2406 1497 2507 projici·

355 2533 492 2609 'ebant
518 2532 680 2610 infantes
718 2557 806 2612 suos
836 2533 884 2609 ad
911 2557 1067 2632 aquam,
1101 2535 1231 2632 etqui
1260 2534 1499 2633 sepeliebant

378 2666 647 2759 superterram
676 2667 830 2761 propter
848 2669 986 2738 metum
1005 2661 1234 2759 Turearum,
1263 2668 1304 2736 vt
1321 2683 1369 2736 ne
1388 2661 1496 2736 andi·

379 2795 463 2865 rent
490 2809 603 2866 voees
631 2789 847 2866 infaneium.
878 2789 1040 2883 Quidam
1067 2791 1296 2890 paupercule
1324 2789 1363 2863 in
1390 2789 1499 2864 fossa

380 2937 494 3013 super
529 2915 821 3013 pulueainabant
858 2939 935 2993 eos.
974 2917 1026 2991 Et
1052 2916 1217 2992 infantes
1244 2921 1281 2991 et
1309 2914 1496 3008 «linebant,

381 3041 444 3137 qui
471 3041 643 3117 solebant
669 3041 801 3139 loqui:
825 3042 1079 3140 „Dulcissima
1107 3048 1246 3138 mater,
1275 3063 1322 3117 ne
1349 3063 1408 3116 me
1435 3041 1498 3116 vis

381 3168 576 3267 sepellire,
597 3189 687 3242 vere
705 3190 780 3243 non
799 3168 907 3244 fle0.“
931 3169 982 3244 Et
1000 3169 1056 3244 sin
1074 3167 1340 3264 Hungarorum
1358 3165 1498 3242 aneilla

383 3319 465 3372 num
493 3295 738 3372 amaritudine
775 3295 918 3373 flebant
953 3317 1094 3394 pueros
1120 3318 1210 3373 suos
1238 3302 1276 3370 et
1304 3294 1497 3369 dicebant:

388 3423 519 3522 „Heuu
540 3422 644 3498 beu!
674 3424 783 3502 nobis
800 3425 879 3500 fetu
897 3431 1109 3502 nostrarum
1126 3426 1167 3500 in
1185 3445 1260 3522 qua
1278 3423 1379 3498 mala
1397 3427 1499 3496 etate

383 3551 659 3652 perderemus.“
691 3552 743 3627 Et
765 3553 822 3629 sie
840 3553 1065 3649 singillatim
1093 3575 1174 3628 eum
1203 3573 1341 3646 magna
1359 3547 1498 3624 amari·

383 3681 512 3759 tudine
530 3684 569 3759 in
586 3683 650 3759 via
662 3683 935 3783 pereelitabant
951 3683 1087 3758 lamen.
1101 3739 1109 3757 .
1121 3679 1290 3776 Cumque
1309 3677 1499 3777 capellani

385 3811 507 3908 Regia
526 3811 739 3911 Majestatis
758 3812 951 3889 audissent
967 3818 1045 3884 tam
1063 3808 1208 3885 ruinam
1218 3805 1498 3902 Hungarurum

385 3947 472 4040 post
490 3937 562 4017 hoe
579 3942 772 4040 rapuimus
790 3940 818 4018 J
819 3961 978 4016 oannem
996 3935 1292 4013 elimosinarium
1308 3956 1390 4010 eum
1404 3953 1502 4007 urna

386 4091 493 4164 sua,¹
513 4068 639 4146 statim
676 4068 848 4145 duximus
876 4068 926 4143 ad
952 4089 1085 4141 nauem
1114 4069 1152 4139 et
1178 4068 1337 4138 vexatus
1363 4059 1435 4135 fuit
1461 4060 1501 4134 in

388 4196 565 4275 Posonio.
585 4193 631 4272 In
649 4195 866 4272 hodiernum
886 4194 983 4269 diem
1001 4191 1053 4268 ibi
1066 4192 1180 4288 juset.

494 4327 546 4402 Et
563 4324 772 4402 Turearum
792 4323 912 4401 Oesar
931 4325 1056 4397 eastra
1083 4321 1243 4392 metatus
1263 4319 1344 4390 erat
1362 4311 1401 4386 in
1419 4309 1500 4387 Ke-

388 4453 612 4562 leuenlelde.
633 4454 684 4529 Et
701 4452 742 4528 in
761 4451 869 4528 Buda
888 4453 995 4526 erant
1012 4467 1215 4547 pauperes,
1240 4437 1381 4535 alandi,
1408 4439 1502 4534 neni,

389 4583 606 4680 inbecilles,
635 4583 698 4682 qui
726 4604 800 4658 non
828 4577 1039 4654 habuerant
1065 4577 1256 4672 repentem
1285 4588 1420 4667 equum
1440 4567 1503 4642 vel

390 4723 597 4808 vectorem
623 4711 721 4788 tales
749 4707 803 4786 ibi
830 4705 870 4782 in
895 4701 1002 4780 Buda
1028 4701 1150 4778 relicti
1178 4703 1296 4774 erant.
1326 4693 1378 4770 Et
1405 4713 1502 4768 unns
