3238 5228
414 478 495 574 tto

417 696 514 771 mioa
532 667 668 791 partim
693 693 835 763 tantum
863 679 1149 782 expugnabant,
1178 673 1418 773 quamobrem
1447 675 1529 746 sunt

419 817 634 898 effeminati.
701 819 707 836 ’

449 1026 453 1034 ,
522 947 573 1020 Et
592 945 638 1019 de
656 949 762 1042 parte
782 937 916 1014 Sancti
936 933 1098 1011 Gerardi
1118 941 1256 1006 extunc
1270 933 1348 1028 Jam
1374 932 1529 1025 quatuor

413 1074 596 1150 banderia
615 1093 730 1170 supra
749 1074 872 1143 erecte
893 1071 1001 1140 erant
1018 1064 1089 1141 snb
1108 1083 1195 1136 arce
1225 1056 1403 1134 Budensi.
1433 1053 1529 1128 Abe-

413 1203 498 1276 bam
519 1197 682 1299 pixidem
702 1198 740 1270 in
761 1194 932 1269 manibus
952 1189 1197 1286 Regiestatis.
1218 1183 1460 1262 Cucurrimus
1483 1179 1531 1254 ad

270 1365 272 1370 ¹
360 1323 367 1342 '
414 1335 558 1425 partem
576 1323 707 1400 termis
726 1345 794 1420 per
817 1319 994 1393 ambitum
1015 1316 1133 1408 ercis,
1155 1321 1192 1388 et
1215 1313 1341 1411 rapuit
1369 1307 1531 1409 pixidem

414 1453 458 1525 de
479 1451 651 1525 manibus
671 1448 776 1522 meis.
799 1447 848 1523 Et
866 1445 933 1519 alii
952 1442 1139 1542 capellani
1160 1439 1287 1535 magni
1296 1443 1404 1516 erant
1422 1443 1461 1512 et
1469 1459 1529 1512 ro·

414 1579 533 1670 bosti,
555 1577 700 1674 capien.
721 1596 826 1649 arma
840 1574 951 1668 juxta
971 1569 1135 1664 Regem,
1157 1575 1194 1642 et
1211 1568 1389 1664 pulueres
1417 1563 1530 1639 vehe-

413 1706 505 1779 bant
525 1703 572 1778 ad
591 1701 738 1800 pixides
759 1699 1026 1796 adimplentes,
1054 1695 1092 1770 id
1112 1703 1170 1770 est
1197 1697 1466 1787 sobotorrotot,
1494 1701 1533 1764 et

413 1831 467 1904 sic
488 1829 534 1903 ad
563 1851 692 1902 manus
720 1850 809 1902 suas
837 1825 1043 1920 erigebant.
1072 1823 1122 1897 Et
1149 1845 1263 1921 super
1291 1842 1408 1917 equas
1436 1819 1532 1896 hott-

415 1979 542 2030 manos
570 1955 809 2029 necandonrs
838 1961 995 2049 quatuor
1022 1949 1209 2026 interfecit
1237 1949 1319 2024 Rex
1350 1943 1451 2024 solus
1470 1969 1533 2022 sa-

413 2083 529 2180 gitan.
551 2081 596 2158 de
616 2081 754 2180 pixide.

520 2209 569 2282 Et
597 2208 667 2283 hec
695 2215 778 2282 erat
801 2205 917 2281 indie
938 2211 1117 2302 incipitis
1138 2207 1386 2299 coucepc'r'onis
1412 2207 1532 2297 Virpi-

415 2343 470 2408 uir
499 2341 637 2425 Marte,
667 2335 755 2432 quia
779 2337 857 2430 jam
885 2353 1038 2408 vescere
1067 2331 1280 2406 solebamus
1308 2351 1389 2404 cnm
1417 2351 1533 2404 carne

414 2460 577 2557 equinis,
609 2467 646 2535 et
674 2461 754 2535 Deo
783 2459 982 2533 adiuuante
1020 2456 1181 2532 relaxati
1218 2457 1355 2534 luimus
1373 2459 1452 2552 ¹Jam
1483 2457 1535 2532 ab

412 2587 577 2687 imppetu
606 2596 718 2684 gente
739 2585 966 2662 Teutonica.
996 2585 1045 2658 Et
1065 2585 1182 2658 multa
1201 2567 1346 2679 tergola
1364 2583 1536 2660 iacentes

355 2721 357 2728 ’
411 2715 448 2788 in
467 2714 587 2809 girum
616 2713 799 2808 ciuitatis;
830 2720 866 2788 et
893 2713 1029 2786 multos
1047 2711 1152 2788 viuos
1180 2712 1455 2809 compellebant
1475 2711 1535 2788 Is-

411 2841 564 2916 maelite
591 2863 686 2936 gens
713 2838 760 2914 ad
780 2863 902 2914 arcem
924 2837 1143 2913 Budensem.
1164 2835 1220 2898 fill
1245 2839 1295 2912 Et
1312 2839 1536 2936 proicebant

413 2967 520 3041 riuos
540 2967 578 3040 in
598 2965 822 3064 profundum
840 2971 991 3063 putenm
1011 2965 1216 3062 proximius
1235 2975 1308 3062 fris
1324 2973 1477 3063 pclolto.

519 3093 569 3166 Et
596 3095 634 3166 in
664 3093 722 3166 die
761 3091 878 3166 Lucie
917 3091 1063 3187 equites
1100 3099 1281 3167 venerunt
1309 3091 1354 3165 de
1382 3100 1536 3168 castore

412 3219 705 3314 Germanoru1n3
735 3229 771 3292 et
799 3217 931 3293 exinde
964 3219 1042 3314 jam
1080 3215 1252 3312 Hungari
1288 3233 1539 3296 cucurrerunt

407 3365 524 3441 super
552 3367 666 3441 equos
694 3367 782 3420 suos
807 3367 952 3420 rursum
981 3350 1111 3418 contra
1139 3365 1204 3418 eos
1230 3344 1337 3440 quasi
1357 3345 1432 3418 iam
1453 3348 1538 3422 cul-

411 3471 487 3544 lum
507 3471 701 3567 expissent
721 3495 744 3544 a
763 3477 873 3565 gente
903 3469 1117 3546 lamaelioa.
1148 3468 1316 3544 stillico
1335 3491 1538 3568 expugna-

411 3603 544 3671 uerant
572 3619 638 3672 eos
665 3595 894 3673 Germanica
929 3617 1018 3694 pars
1046 3617 1162 3692 vsque
1193 3595 1241 3670 ad
1268 3619 1354 3671 arce
1382 3605 1539 3694 portam

411 3722 575 3796 ciuitatis
603 3721 744 3818 Logod.
783 3721 899 3798 Turci
928 3722 1075 3819 quidem
1103 3723 1254 3798 stabant
1281 3745 1393 3821 super
1422 3733 1541 3802 extra

407 3851 573 3944 januam
593 3850 631 3922 in
661 3863 769 3925 semet
798 3857 862 3924 aut
890 3849 1038 3940 decem;
1068 3857 1105 3924 et
1132 3850 1171 3925 in
1201 3851 1373 3926 manibus
1392 3849 1445 3925 nil
1466 3876 1541 3948 ge-

410 3975 561 4050 stabant
580 3975 864 4052 delendiculum.
885 3975 1213 4074 Etvnuslspanus
1233 3977 1271 4051 in
1290 3979 1444 4054 metullo
1465 4001 1544 4056 suo

410 4119 523 4197 super
542 4122 675 4198 equum
696 4103 863 4178 velocem
894 4105 982 4178 feeit
1000 4105 1201 4202 imppetum
1222 4105 1269 4178 ad
1288 4105 1467 4197 Turbes,
1500 4115 1545 4180 et

411 4225 526 4303 'Porci
546 4229 673 4324 fugam
694 4229 873 4304 dederunt
893 4229 940 4304 ad
957 4229 1055 4306 inter
1070 4232 1223 4326 januam
1245 4229 1409 4324 Buden,
1430 4233 1546 4328 quod

407 4353 590 4429 vidissent
609 4354 821 4450 eruginato
840 4357 967 4449 gladio
998 4353 1169 4430 Italien..
1202 4355 1251 4429 Et
1269 4365 1412 4432 tantum
1434 4381 1547 4434 vnus

406 4483 611 4574 permansit
630 4481 789 4558 rursus.
812 4480 918 4574 Quod
940 4481 1031 4557 vidit
1049 4485 1207 4580 pallium
1227 4485 1395 4583 pulcrum
1415 4509 1546 4584 super

409 4603 557 4682 ltalien.
578 4609 623 4684 de
643 4611 818 4703 rarlcsio,
840 4619 878 4684 et
896 4607 1044 4686 'Furens
1063 4619 1144 4686 erat
1162 4613 1200 4686 iir
1220 4614 1352 4706 rubeo,
1373 4621 1411 4688 et
1430 4613 1544 4688 Tur-

410 4753 476 4835 cns
495 4733 620 4830 rapuit
638 4735 795 4830 pallium
825 4757 905 4809 oum
931 4735 1123 4834 monibus,
1154 4747 1188 4813 et
1210 4739 1301 4814 miro
1322 4739 1431 4814 modo
1454 4739 1543 4814 Ita-
