3226 5220
1107 499 1182 582 rtt

102 704 245 803 muto,
266 712 304 782 et
322 709 522 798 excusare,
549 699 647 799 quod
673 697 865 799 Majestati
890 689 1028 778 Vestra
1055 703 1186 803 pocius

99 835 274 931 semirem,
301 853 412 932 quam
438 829 611 906 inimiens
636 827 755 904 forem
782 849 873 924 erga
900 827 1078 907 Vestram
1103 831 1185 909 hla-

93 965 255 1062 jeststem.
276 957 351 1056 Sed
373 980 454 1035 sum
473 977 604 1034 seruus
624 962 661 1030 et
674 955 781 1053 jubet
808 954 900 1032 mihi
928 955 1118 1056 dominus,
1148 969 1187 1037 et

95 1089 176 1190 qued
192 1089 388 1168 sciuissem
406 1084 478 1162 hee
496 1108 567 1182 ego
586 1082 825 1180 contigisse,
845 1107 914 1160 nee
932 1109 1063 1165 seruus
1073 1087 1185 1188 depu-

92 1225 176 1295 tatus
191 1217 351 1293 fuissem
370 1213 417 1289 ei.
445 1210 557 1288 Nune
576 1209 724 1309 quidem
742 1209 833 1286 mihi
852 1211 900 1288 ad
918 1212 1185 1292 humanitatem

92 1343 227 1422 honeris
254 1339 411 1441 respicit
450 1359 534 1416 mea
571 1337 751 1434 seruitia,
781 1345 819 1413 et
845 1338 893 1415 ad
919 1337 1027 1417 fidem
1054 1365 1185 1441 meam,

91 1495 166 1570 erge
183 1490 306 1568 neque
323 1488 475 1567 possum
503 1463 607 1542 aliud
633 1466 770 1542 faeere.
801 1462 875 1542 Sed
903 1467 980 1545 Sue
1006 1467 1188 1570 Majestas

91 1597 188 1676 lubet
204 1595 406 1690 racionem,
428 1591 517 1692 quid
536 1598 681 1692 oportet
700 1592 859 1670 faeere.“

179 1725 232 1802 Et
248 1745 362 1799 vnam
379 1742 545 1796 mensam
558 1721 668 1818 juxta
692 1717 825 1796 Ladon
852 1721 1057 1802 claustrum
1085 1749 1186 1802 man·

90 1855 440 1952 simusjuxteareem
457 1844 576 1924 Onon.
596 1846 648 1922 Et
665 1869 778 1923 vnum
795 1847 950 1926 fratrem
967 1852 1186 1949 religiosum

92 1981 224 2058 nomine
241 1975 503 2071 Laurentium,
523 1975 588 2074 qui
599 1980 679 2052 erat
689 1975 844 2052 eondam
860 1979 1080 2076 capellanus
1097 1989 1188 2057 tem·

91 2130 167 2208 pere
186 2105 462 2203 erueigerorum
480 2099 665 2202 Stephani
684 2101 848 2180 Batorin
859 2105 981 2183 efficio
995 2131 1068 2185 suo
1087 2107 1188 2208 ispu-

92 2243 187 2314 ustus
213 2253 283 2313 auo
310 2229 674 2326 Themeswarieusi,
703 2237 742 2306 et
767 2231 849 2332 ipse
877 2231 1109 2313 Laurentius
1128 2259 1189 2316 ea·

91 2363 251 2464 pellemus
279 2365 547 2462 preparauerat
573 2380 686 2434 vuam
721 2359 906 2436 rauellam
934 2362 1004 2439 sub
1041 2363 1189 2441 domino

92 2489 209 2593 ispaue
228 2483 592 2582 Themeswariensi,
622 2491 660 2564 et
678 2483 734 2564 sie
751 2483 798 2565 (le
815 2485 1000 2587 Naghlak
1017 2488 1063 2566 de
1082 2513 1192 2570 mane

92 2611 509 2718 usquead'l'hemeswar
526 2611 772 2712 equitauerat.
793 2609 939 2715 Captus
957 2617 1095 2696 eratin
1114 2641 1190 2700 vua

91 2743 170 2824 ville
186 2749 229 2854 et
242 2745 554 2844 presenteueraut
580 2761 665 2818 eum
689 2739 820 2818 famuli
839 2739 960 2840 Regie
978 2741 1191 2843 Majestatis

21 2945 22 2950 i
91 2869 221 2972 espieie
249 2868 377 2949 suein
394 2891 469 2946 vna
493 2867 607 2964 villa,
637 2874 675 2946 et
700 2867 837 2946 multas
863 2869 1011 2950 litteras
1037 2871 1189 2952 invene-

21 3025 22 3028 *
90 3003 162 3076 rant
187 2995 289 3100 epurl
316 3018 412 3074 eum.
448 2993 499 3072 Et
524 2995 622 3072 inter
658 2995 746 3074 illos
781 2995 951 3098 captiuos
987 2995 1193 3085 Alemaues

21 3211 22 3220 ,
89 3125 266 3227 prediatus
295 3123 549 3205 destinauerat
576 3123 660 3202 Rex
687 3123 857 3204 loannes
883 3125 931 3204 erl
959 3124 1193 3230 Thoka13et

92 3251 189 3332 istum
221 3251 445 3331 monaahum
479 3249 559 3330 dire
596 3253 891 3331 obseruauerunt
918 3255 987 3331 sub
1021 3255 1213 3334 custodial

91 3381 241 3460 uncum
260 3381 330 3460 sub
348 3378 581 3480 pampilione
600 3377 723 3456 Maria
741 3378 855 3457 Luae.
876 3379 928 3457 Et
944 3381 1034 3459 illus
1053 3383 1191 3482 episto·

21 3575 22 3592 ,
91 3507 140 3587 lus
164 3511 385 3610 inceperunt
419 3514 638 3607 presentare
665 3513 703 3583 et
729 3506 943 3606 intelligere
982 3509 1191 3588 litterarum

21 3695 22 3706 ,
92 3639 270 3714 materias.
298 3635 351 3712 Et
368 3641 458 3712 tune
485 3633 716 3711 Ferdiuantii
743 3635 854 3712 litera
872 3637 1028 3713 serebat
1046 3636 1094 3712 ad
1112 3636 1190 3714 Au·

92 3761 206 3842 dream
235 3763 375 3858 Baton
403 3770 441 3838 et
466 3761 542 3838 alie
569 3761 678 3840 litere
704 3763 889 3839 sonabant
915 3763 1122 3860 comitates,
1152 3773 1194 3842 vt

91 3889 304 3990 singillatim
331 3895 549 3985 surgerent,
579 3895 617 3964 et
644 3887 692 3964 ad
715 3889 850 3965 vadum
875 3889 1116 3986 festinarent,
1145 3913 1192 3968 ne
1310 3981 1314 3998 ¹

21 4071 22 4110 ,
92 4013 266 4096 loannem
283 4017 428 4114 Regem
451 4017 693 4116 permitereut
710 4017 811 4094 vltra
829 4015 991 4114 Titiam,
1013 4025 1054 4093 vt
1071 4019 1193 4096 leuius

21 4153 22 4200 ὲ
94 4153 212 4245 eaptus
236 4145 433 4223 adueniret
460 4143 509 4220 ad
534 4166 667 4222 manus
694 4141 791 4240 Regi
817 4141 1057 4222 Ferdiuandi.
1087 4145 1138 4222 Et
1156 4145 1195 4222 in

95 4267 145 4348 lie
162 4271 276 4372 Egidi
293 4269 521 4349 confessoris
535 4273 645 4368 juxta
669 4270 871 4348 claustrum
890 4267 1022 4347 Ladon
1034 4273 1120 4370 jure
1133 4273 1194 4370 ju·

96 4397 141 4476 ris
156 4399 403 4478 uffixaueruut
429 4421 543 4500 supra
561 4398 602 4476 in
618 4400 753 4500 palus,
784 4407 821 4476 et
838 4399 878 4476 in
896 4421 1018 4499 cappe
1045 4401 1196 4476 astabat

97 4545 237 4628 perper.
271 4527 323 4606 Et
348 4527 487 4606 fratres
513 4527 695 4606 heremite
722 4527 835 4604 ualde
861 4528 1099 4627 suplieabant
1124 4551 1193 4627 pre

21 4703 22 4708 a
99 4670 153 4750 ως
175 4655 237 4755 qui
265 4653 440 4732 (lieehaut
458 4681 468 4730 ε
487 4651 563 4757 521.
588 4654 771 4754 ,Domine
789 4654 872 4733 Rex
891 4653 1190 4750 clementissime,

96 4773 263 4878 hauseis
280 4780 390 4864 tratri
407 4789 551 4882 nosue,
570 4804 684 4884 quam
700 4803 788 4864 reus
807 4789 888 4882 est,
908 4803 997 4860 earo
1016 4787 1055 4861 et
1071 4781 1189 4861 trater

140 4919 357 4968 murat
935 4887 985 4971 12
