3226 5220
394 508 469 588 162

392 707 582 786 mirabilia
600 706 645 781 de
665 703 811 781 domino
840 703 1001 779 vaiuoda
1029 701 1187 779 lacieu.“
1212 699 1269 805 ⁴⁷‘i
1293 702 1378 798 Ego
1405 701 1511 778 dixi:

395 833 453 933 ,0
472 857 540 910 vos
559 833 665 927 fatui,
686 854 755 907 vos
774 830 959 908 estimatis
976 835 1153 926 tanquam
1171 825 1333 931 leo(nes)
1351 829 1512 924 essetis,

390 985 480 1038 vere
499 960 687 1036 fricabant
705 981 774 1034 vos
793 958 851 1033 illi
871 956 1062 1032 Traoiani.
1092 956 1227 1032 Nonne
1254 955 1377 1050 scitis,
1407 954 1514 1050 quod

390 1111 461 1184 ego
481 1087 602 1164 scribo
631 1085 907 1184 suplicaciones
936 1107 1084 1180 eorum3
1114 1089 1151 1159 et
1169 1106 1240 1179 ego
1267 1082 1438 1157 intellexi
1457 1083 1512 1156 ab

390 1215 465 1310 eis,
485 1237 596 1312 quam
615 1213 754 1290 milites
779 1211 895 1288 habet
913 1211 979 1287 ille
998 1212 1105 1309 niger
1123 1211 1246 1312 borno,
1268 1210 1411 1286 habeus
1425 1209 1511 1306 jam

390 1343 459 1419 sub
479 1365 520 1418 se
539 1341 748 1438 palatinum
772 1348 811 1416 ct
835 1339 1115 1415 thezaurarium
1140 1336 1339 1413 vaiuodam
1367 1335 1511 1411 Zubot·

389 1478 477 1544 tam.
498 1467 549 1542 Et
567 1489 688 1542 nonne
718 1463 874 1540 audistis
900 1485 1111 1564 expugnari.
1142 1463 1384 1543 Valentinum
1403 1461 1512 1538 Tbe-

390 1597 481 1693 rel,
510 1617 632 1670 nonne
661 1593 818 1670 audistis
856 1591 1093 1689 magnificum
1130 1591 1351 1669 Ladislaum
1378 1587 1509 1688 Ohakj

392 1723 513 1822 capite
542 1721 728 1820 priuatum
758 1726 937 1796 ettotam
966 1720 1131 1796 chortem
1159 1743 1264 1798 suam
1292 1719 1341 1794 ad
1366 1725 1510 1795 terram

392 1855 601 1951 prostran..
623 1849 674 1922 Et
684 1847 855 1924 dominus
872 1853 958 1923 tuus
975 1846 1080 1922 Prini
1098 1847 1234 1924 Petrus
1248 1849 1327 1944 jam
1346 1852 1404 1922 est
1420 1866 1510 1943 per·

392 1979 496 2054 iurus
526 1983 563 2052 et
590 1975 752 2052 infidelis
772 1999 816 2051 ac
839 1975 1031 2051 instabilis
1059 1982 1189 2051 contm
1215 1975 1400 2052 Joannem
1428 1969 1506 2046 Rc·

393 2127 509 2201 gem;
546 2102 721 2200 quoniam
750 2125 818 2178 nos
846 2123 1081 2195 nesccsmus,
1120 2099 1218 2200 quod
1253 2100 1377 2177 fuistis
1404 2097 1507 2197 apud

393 2230 671 2308 Ferdinandum
690 2229 845 2326 Regem,
857 2237 894 2306 et
902 2229 1108 2307 tradidistis
1126 2229 1153 2306 J
1155 2252 1311 2306 oannem
1322 2227 1503 2324 Regem.“

393 2357 482 2457 Ipse
501 2356 677 2434 sacerdos
706 2356 861 2433 audiens
889 2359 1005 2435 verba
1033 2379 1117 2434 mea
1136 2356 1336 2433 adfaciem
1354 2357 1507 2452 loqucn.

393 2491 430 2560 et
449 2494 530 2562 erat
557 2506 705 2581 semper
732 2483 854 2560 elatus
872 2482 911 2558 in
929 2483 1041 2561 corde
1060 2507 1147 2580 suo,
1176 2489 1214 2559 et
1238 2483 1331 2559 dixit
1348 2481 1440 2557 mibi
1458 2478 1509 2554 ad

392 2611 489 2687 lacis
509 2638 518 2685 ε
543 2609 626 2707 ,Tu
656 2604 855 2710 me(n)tiris
874 2608 921 2683 ad
940 2616 1051 2708 caput
1072 2610 1211 2686 tuum.“
1239 2609 1323 2706 Ego
1343 2608 1420 2684 dixi
1437 2607 1509 2682 ite·

392 2761 473 2816 rum
492 2737 586 2829 sibi,
614 2735 713 2834 qnod
741 2757 870 2812 verum
897 2734 963 2812 fiat
990 2739 1106 2814 verba
1125 2759 1229 2832 mea,
1254 2735 1364 2835 capui
1382 2735 1508 2834 ipsum

393 2888 461 2964 per
480 2886 622 2940 comam
640 2885 745 2940 suam
765 2870 802 2938 et
820 2863 1018 2941 verberaui
1038 2871 1214 2961 quantum
1237 2863 1362 2963 potui,
1391 2869 1429 2938 et
1447 2885 1508 2938 me

395 2997 571 3088 quantum
599 2990 798 3088 potucbat3
826 2995 991 3066 attamen
1015 2990 1098 3067 Deo
1124 2990 1296 3066 adiuuan.
1326 2991 1511 3089 ipseerat

393 3138 562 3194 seorsum
581 3122 619 3190 et
637 3137 707 3210 ego
727 3115 912 3193 deorsum.
942 3114 1051 3208 Quod
1069 3117 1214 3193 audien.
1236 3117 1319 3193 Rex
1337 3115 1509 3194 Joanms

394 3251 431 3320 et
450 3245 619 3322 dominus
637 3244 750 3320 vaida
769 3245 904 3322 Petrus
924 3246 1029 3321 Prini
1049 3253 1086 3322 et
1102 3253 1181 3322 tota
1199 3246 1303 3322 curia
1322 3245 1510 3322 Bullensis

395 3369 633 3466 deridebant,
662 3369 762 3468 quod
789 3371 860 3447 dno
888 3371 1101 3450 sacerdotes
1128 3373 1312 3473 pugillum
1341 3372 1510 3468 egissent

393 3497 490 3574 inter
508 3519 570 3592 se,
600 3503 637 3572 et
666 3525 739 3571 corn
767 3504 971 3594 capellanos
1002 3505 1174 3597 Georgius·
1200 3505 1438 3596 prevaluisset
1459 3495 1508 3601 *).

394 3625 530 3701 Petrus
557 3623 663 3701 Prini
692 3623 782 3699 fecit
810 3624 973 3702 clamare
1000 3625 1288 3702 mensionariam
1316 3625 1506 3724 equitibus

391 3752 463 3850 tris
492 3750 673 3846 florenos,
702 3751 890 3850 peditibus
918 3751 1030 3847 duos,
1060 3759 1098 3828 et
1123 3753 1304 3830 vexillum
1332 3773 1507 3849 magnum

394 3878 629 3973 deauratum,
659 3899 768 3976 quem
796 3877 949 3955 dederat
973 3878 1047 3956 sibi
1065 3877 1149 3955 Rex
1167 3879 1208 3954 in
1226 3877 1508 3978 Alba-Regalia

394 4003 443 4080 ad
461 4003 698 4080 vaiuodatum
717 4001 905 4080 Transsil.
926 4011 963 4080 ct
982 4011 1130 4102 gentem
1150 4027 1304 4104 cumque
1323 4005 1509 4084 babuerat

394 4132 600 4230 copiosam,
621 4131 797 4207 monitae
816 4129 1012 4208 aduersum
1031 4131 1168 4209 Jouan
1187 4129 1301 4210 Char.

499 4257 594 4334 Item
614 4257 698 4334 Rex
725 4257 816 4335 mihi
843 4259 989 4335 ridebat
1014 4259 1125 4336 valde
1154 4266 1191 4336 et
1210 4259 1387 4337 dicebat:
1411 4258 1504 4357 ,Em

396 4391 476 4460 edes
515 4389 708 4484 Gwrpaple,
746 4386 928 4484 quomodo
965 4387 1166 4464 ambulasti
1182 4410 1276 4464 cnm
1309 4388 1506 4487 capellano

394 4509 500 4586 Prini
519 4509 671 4588 Petri?“
706 4511 789 4612 ,No
808 4513 890 4590 sine
909 4536 979 4612 ego
999 4513 1180 4613 quomodo
1200 4513 1418 4594 ambulaui?
1437 4513 1506 4591 sed

431 4793 454 4861 ‘)
473 4793 584 4852 lavitis
604 4813 673 4870 „ego
691 4813 754 4853 cum
771 4797 1011 4888 prevaluisse&
