3226 5220
1151 487 1227 569 167

129 693 374 788 preparatum,
404 689 442 759 et
458 707 532 761 nom
561 682 742 782 discorte,
773 689 810 759 et
837 684 912 784 ipsi
939 686 1171 765 retinuerunt
1188 712 1229 766 se

128 813 237 912 ipsos,
258 812 346 910 quia
365 811 478 888 astuti
497 817 624 906 erant,
652 817 690 886 et
707 809 747 885 in
764 810 884 886 tribus
904 809 1034 889 diebus
1052 837 1127 890 nom
1145 839 1229 913 pcr-

128 941 217 1018 misit
243 939 383 1016 milites
411 961 499 1015 suos
517 937 567 1013 ad
586 935 886 1014 combrobandum
914 945 1045 1015 contra
1072 939 1229 1017 Traeis·

129 1093 190 1145 nos
207 1075 360 1168 propter
379 1065 639 1142 Sebesiensem
660 1073 701 1139 vt
719 1062 1096 1168 appropiarentffliv·
1118 1066 1230 1145 Oum-

129 1219 191 1294 que
218 1193 456 1292 aspexissent
492 1191 671 1269 Tractani
709 1193 828 1268 aciem
854 1191 1157 1271 hornetissimam
1186 1220 1231 1271 ac

126 1321 372 1420 splendentem
392 1320 439 1396 ab
459 1325 541 1395 ortu
566 1319 678 1414 solis,
708 1340 795 1394 mcx
823 1318 1010 1395 irruerunt
1037 1328 1165 1396 eontra
1183 1321 1233 1397 ad

127 1448 321 1544 Hungaros
348 1444 388 1520 in
415 1451 599 1521 castorem
627 1466 776 1540 eorum;
815 1445 881 1520 sed
908 1467 990 1520 cum
1018 1447 1126 1544 genis
1154 1448 1232 1524 suis

128 1575 226 1652 velie
245 1574 497 1674 protegebant
514 1595 619 1668 sese,
640 1579 677 1649 et
696 1594 777 1647 cum
797 1573 967 1650 curribus
985 1574 1137 1649 nimium
1156 1575 1231 1650 for-

126 1701 353 1778 tificanerant
371 1722 411 1778 se
430 1699 546 1798 ipsos.
575 1698 626 1774 Et
650 1698 725 1798 ipsi
744 1699 897 1796 alonge
915 1699 1097 1776 vidissent
1115 1699 1232 1776 Sebu-

127 1833 272 1925 sienses,
285 1827 573 1927 qnodTraciani
592 1827 756 1904 duellum
775 1828 931 1904 aberent
949 1836 1080 1904 contra
1095 1825 1232 1925 Oibak,

129 1959 252 2034 melius
271 1956 450 2033 festinare
470 1963 657 2054 ceperunt.
687 1955 840 2030 Etcum
859 1953 1042 2032 vidissent
1061 1954 1234 2052 Hungeri

128 2084 344 2160 sudomirus
365 2079 510 2178 Cibak,
540 2081 638 2178 quod
665 2077 912 2158 Sebusienses
927 2083 1007 2179 jam
1026 2089 1232 2180 apparent3

129 2234 206 2288 mcx
219 2212 377 2309 januam
396 2207 555 2285 castoris
581 2215 845 2284 reserauerunt
863 2215 900 2284 et
918 2231 1046 2284 omnes
1066 2208 1235 2284 exierunt

130 2336 171 2412 ad
187 2337 301 2412 ictum
329 2335 542 2434 preparati,
563 2341 601 2409 et
619 2333 780 2410 ordinati
808 2341 1007 2431 antequam
1026 2335 1171 2410 exirent
1188 2333 1233 2410 de

127 2470 256 2542 ttcbor.
276 2461 466 2562 Imprimis
485 2463 630 2560 equites
649 2470 687 2537 et
705 2470 791 2563 post
808 2463 971 2562 pedites,
992 2463 1229 2540 steterentin

129 2591 317 2690 planicies.
329 2587 450 2681 Quum
457 2591 536 2687 jam
546 2589 729 2666 vidissent
739 2589 919 2666 Traciani
929 2597 1108 2666 exeuntes
1119 2590 1164 2665 de
1174 2612 1235 2664 ce-

128 2724 218 2794 sture
236 2738 412 2812 snorum,
433 2717 620 2793 irruerunt
639 2715 818 2794 adversus
837 2715 1052 2812 Huugaros,
1073 2723 1110 2790 et
1129 2738 1233 2790 acce·

126 2849 400 2942 perumtatergo
420 2841 623 2939 Hungaros
641 2849 795 2941 propter
804 2864 939 2940 aquam
949 2840 1015 2917 flui
1026 2841 1234 2918 Marusium

127 2969 322 3066 Traciani3
342 2976 380 3043 et
397 2967 508 3045 valde
527 2991 740 3066 expugnem.
760 2977 918 3068 utraque
936 2992 1037 3069 pars.
1065 2968 1091 3046 J
1094 2991 1153 3043 am
1172 2968 1234 3042 de-

127 3119 217 3172 mum
238 3096 384 3196 decepti
414 3102 521 3171 erant
547 3094 739 3192 Hungari,
769 3096 909 3192 quoda
927 3103 1034 3192 tergo
1053 3117 1236 3192 unapars

127 3224 301 3301 'ibaciani
320 3220 587 3319 confligebant,
608 3228 645 3296 et
662 3220 782 3299 hausu
802 3221 912 3299 corde
933 3222 1090 3319 quilibet
1106 3244 1174 3319 pru
1194 3241 1235 3295 se

126 3351 325 3451 pugnabat.
354 3347 488 3447 Itaque
516 3347 614 3446 quod
636 3350 716 3447 jam
734 3347 908 3444 Hungari
925 3348 1179 3443 fatigabantur
1196 3345 1234 3420 in

127 3477 340 3572 exerciciis,
360 3475 427 3552 sed
445 3475 651 3552 altissimus
669 3473 763 3550 vidit
781 3497 846 3552 eos
864 3475 1051 3574 perfectus
1070 3496 1154 3550 esse
1172 3493 1234 3548 vs·

126 3627 191 3704 qne
209 3605 250 3680 in
268 3601 391 3678 finem.
411 3602 551 3680 Postea
569 3624 651 3678 cum
671 3602 918 3702 appropinan.
938 3601 1077 3677 milites
1091 3598 1234 3677 Caran-

126 3733 381 3826 sebusienses,
402 3737 439 3806 et
456 3729 531 3829 ipsi
558 3729 751 3829 preparati
770 3729 850 3804 acie
869 3729 1055 3806 irruerunt
1072 3727 1120 3803 ad
1138 3727 1234 3802 Tra·

127 3863 263 3938 cianus.
283 3857 346 3934 Ita
364 3859 482 3936 fertum
501 3857 661 3953 dixisse,
681 3863 758 3932 tam
777 3857 849 3933 cito
868 3863 1150 3956 prostrauerant
1167 3856 1234 3932 mi·

126 3988 208 4066 lites
236 3985 282 4062 de
302 3985 548 4062 Karansebes
575 3983 785 4062 Tracianos
812 4005 929 4082 nsque
958 3983 1006 4059 ad
1033 3984 1233 4080 minimum,

13 4099 14 4140 ³
129 4113 222 4213 quod
250 4113 367 4189 multa
391 4110 576 4188 cadauera
603 4117 752 4207 strages
780 4109 952 4187 iacebant
969 4111 1008 4186 in
1027 4133 1179 4209 eamp0;
1198 4117 1236 4186 et

126 4239 224 4318 mala
251 4237 472 4339 depredacic
508 4260 636 4316 eorum
673 4238 857 4314 commisit
893 4237 999 4314 Deus
1036 4236 1083 4312 ad
1115 4238 1233 4314 bunos

127 4371 263 4446 liberos
301 4365 550 4445 Christianos.
579 4366 631 4442 Et
657 4367 714 4444 sic
749 4388 830 4442 cum
867 4365 1093 4444 authoritate
1117 4362 1235 4442 Sacra

127 4495 251 4593 Regia
268 4493 468 4593 Majestate
485 4502 561 4571 tam
585 4495 688 4572 valet
705 4501 742 4571 et
760 4504 818 4572 est
835 4494 945 4570 valde
964 4493 1108 4572 efficax.
1129 4493 1233 4590 Ergo

13 4677 14 4710 ,
128 4623 160 4699 si
176 4619 369 4701 nobiscum
388 4628 447 4700 est
464 4621 587 4720 Deus,
607 4623 690 4720 quis
709 4628 838 4700 contra
855 4645 934 4699 nos.

234 4749 285 4824 Et
300 4747 456 4848 posthac
474 4749 501 4828 J
502 4773 610 4826 cwan
628 4747 822 4826 Obarcum
838 4748 972 4826 aulicis
990 4747 1068 4826 suis
1086 4746 1234 4844 ingerat
