<?xml version="1.0" encoding="UTF-8"?>
<!DOCTYPE html PUBLIC "-//W3C//DTD XHTML 1.0 Transitional//EN"
    "http://www.w3.org/TR/xhtml1/DTD/xhtml1-transitional.dtd">
<html xmlns="http://www.w3.org/1999/xhtml" xml:lang="en" lang="en">
 <head>
  <title>
</title>
<meta http-equiv="Content-Type" content="text/html;charset=utf-8" />
  <meta name='ocr-system' content='tesseract 3.04.00' />
  <meta name='ocr-capabilities' content='ocr_page ocr_carea ocr_par ocr_line ocrx_word'/>
</head>
<body>
  <div class='ocr_page' id='page_1' title='image "./emlkiratamagyar00wenzgoog_0159.png"; bbox 0 0 3248 5210; ppageno 0'>
   <div class='ocr_carea' id='block_1_1' title="bbox 411 473 519 564">
    <p class='ocr_par' dir='ltr' id='par_1_1' title="bbox 411 473 519 564">
     <span class='ocr_line' id='line_1_1' title="bbox 411 473 519 564; baseline 0 -3"><span class='ocrx_word' id='word_1_1' title='bbox 411 483 486 564; x_wconf 82' lang='lat'><strong>112</strong></span> <span class='ocrx_word' id='word_1_2' title='bbox 515 473 519 484; x_wconf 80' lang='grc'><strong>’</strong></span> 
     </span>
    </p>
   </div>
   <div class='ocr_carea' id='block_1_2' title="bbox 389 675 1531 4586">
    <p class='ocr_par' dir='ltr' id='par_1_2' title="bbox 389 675 1531 4586">
     <span class='ocr_line' id='line_1_2' title="bbox 410 675 1529 781; baseline -0.006 -23"><span class='ocrx_word' id='word_1_3' title='bbox 410 681 665 780; x_wconf 78' lang='lat' dir='ltr'><strong>Hunganiam‚</strong></span> <span class='ocrx_word' id='word_1_4' title='bbox 700 681 798 780; x_wconf 84' lang='lat' dir='ltr'><strong>quod</strong></span> <span class='ocrx_word' id='word_1_5' title='bbox 825 689 866 758; x_wconf 82' lang='lat' dir='ltr'><strong>vt</strong></span> <span class='ocrx_word' id='word_1_6' title='bbox 892 681 1029 760; x_wconf 81' lang='lat' dir='ltr'><strong>debent</strong></span> <span class='ocrx_word' id='word_1_7' title='bbox 1055 681 1193 781; x_wconf 85' lang='lat' dir='ltr'><strong>partim</strong></span> <span class='ocrx_word' id='word_1_8' title='bbox 1220 689 1366 780; x_wconf 80' lang='lat' dir='ltr'><strong>partem</strong></span> <span class='ocrx_word' id='word_1_9' title='bbox 1392 675 1529 758; x_wconf 82' lang='lat' dir='ltr'><strong>omnia</strong></span> 
     </span>
     <span class='ocr_line' id='line_1_3' title="bbox 409 807 1529 908; baseline -0.002 -24"><span class='ocrx_word' id='word_1_10' title='bbox 409 817 588 906; x_wconf 80' lang='lat' dir='ltr'><strong>argentea</strong></span> <span class='ocrx_word' id='word_1_11' title='bbox 614 809 769 886; x_wconf 78' lang='lat' dir='ltr'><strong>vaseula</strong></span> <span class='ocrx_word' id='word_1_12' title='bbox 805 813 851 884; x_wconf 88' lang='lat' dir='ltr'><strong>de</strong></span> <span class='ocrx_word' id='word_1_13' title='bbox 887 809 1054 908; x_wconf 79' lang='lat' dir='ltr'><strong>qualibet</strong></span> <span class='ocrx_word' id='word_1_14' title='bbox 1082 809 1245 886; x_wconf 83' lang='lat' dir='ltr'><strong>eealeeia</strong></span> <span class='ocrx_word' id='word_1_15' title='bbox 1273 807 1439 904; x_wconf 76' lang='lat' dir='ltr'>exigere.</span> <span class='ocrx_word' id='word_1_16' title='bbox 1470 808 1529 884; x_wconf 83' lang='lat' dir='ltr'><strong>Et</strong></span> 
     </span>
     <span class='ocr_line' id='line_1_4' title="bbox 408 933 1529 1037; baseline -0.002 -25"><span class='ocrx_word' id='word_1_17' title='bbox 408 958 479 1032; x_wconf 78' lang='lat' dir='ltr'><strong>ego</strong></span> <span class='ocrx_word' id='word_1_18' title='bbox 498 937 583 1034; x_wconf 77' lang='lat' dir='ltr'><strong>ipsa</strong></span> <span class='ocrx_word' id='word_1_19' title='bbox 601 935 723 1012; x_wconf 85' lang='lat' dir='ltr'><strong>habeo</strong></span> <span class='ocrx_word' id='word_1_20' title='bbox 751 935 878 1012; x_wconf 85' lang='lat' dir='ltr'><strong>deeem</strong></span> <span class='ocrx_word' id='word_1_21' title='bbox 899 965 1019 1012; x_wconf 73' lang='lat' dir='ltr'><strong>masaa</strong></span> <span class='ocrx_word' id='word_1_22' title='bbox 1038 933 1075 1037; x_wconf 82' lang='grc'><strong>*)</strong></span> <span class='ocrx_word' id='word_1_23' title='bbox 1103 935 1273 1032; x_wconf 79' lang='lat' dir='ltr'>argenti,</span> <span class='ocrx_word' id='word_1_24' title='bbox 1300 941 1338 1010; x_wconf 81' lang='lat' dir='ltr'><strong>et</strong></span> <span class='ocrx_word' id='word_1_25' title='bbox 1356 933 1454 1012; x_wconf 85' lang='lat' dir='ltr'><strong>dabo</strong></span> <span class='ocrx_word' id='word_1_26' title='bbox 1472 934 1529 1010; x_wconf 83' lang='lat' dir='ltr'><strong>ad</strong></span> 
     </span>
     <span class='ocr_line' id='line_1_5' title="bbox 408 1061 1528 1160; baseline 0 -24"><span class='ocrx_word' id='word_1_27' title='bbox 408 1071 555 1140; x_wconf 78' lang='lat' dir='ltr'><strong>ventres</strong></span> <span class='ocrx_word' id='word_1_28' title='bbox 582 1062 903 1139; x_wconf 77' lang='lat' dir='ltr'><strong>dominacionibne</strong></span> <span class='ocrx_word' id='word_1_29' title='bbox 930 1061 1054 1158; x_wconf 81' lang='lat' dir='ltr'>Regni</span> <span class='ocrx_word' id='word_1_30' title='bbox 1073 1086 1141 1160; x_wconf 86' lang='lat' dir='ltr'><strong>pro</strong></span> <span class='ocrx_word' id='word_1_31' title='bbox 1160 1061 1358 1159; x_wconf 75' lang='lat' dir='ltr'><strong>adjutorio.</strong></span> <span class='ocrx_word' id='word_1_32' title='bbox 1379 1061 1431 1136; x_wconf 84' lang='lat' dir='ltr'><strong>Et</strong></span> <span class='ocrx_word' id='word_1_33' title='bbox 1449 1083 1528 1158; x_wconf 72' lang='lat' dir='ltr'><strong>ego</strong></span> 
     </span>
     <span class='ocr_line' id='line_1_6' title="bbox 408 1187 1529 1288; baseline -0.004 -20"><span class='ocrx_word' id='word_1_34' title='bbox 408 1191 535 1268; x_wconf 82' lang='lat' dir='ltr'><strong>atatim</strong></span> <span class='ocrx_word' id='word_1_35' title='bbox 552 1191 666 1288; x_wconf 91' lang='lat' dir='ltr'><strong>inquo</strong></span> <span class='ocrx_word' id='word_1_36' title='bbox 685 1189 849 1266; x_wconf 82' lang='lat' dir='ltr'><strong>euuuorie</strong></span> <span class='ocrx_word' id='word_1_37' title='bbox 880 1189 1106 1284; x_wconf 76' lang='lat' dir='ltr'><strong>monetario,</strong></span> <span class='ocrx_word' id='word_1_38' title='bbox 1137 1195 1175 1265; x_wconf 87' lang='lat' dir='ltr'><strong>et</strong></span> <span class='ocrx_word' id='word_1_39' title='bbox 1191 1187 1238 1264; x_wconf 85' lang='lat' dir='ltr'><strong>de</strong></span> <span class='ocrx_word' id='word_1_40' title='bbox 1254 1189 1529 1284; x_wconf 79' lang='lat' dir='ltr'><strong>totargenteis</strong></span> 
     </span>
     <span class='ocr_line' id='line_1_7' title="bbox 410 1315 1528 1413; baseline -0.001 -22"><span class='ocrx_word' id='word_1_41' title='bbox 410 1317 547 1392; x_wconf 84' lang='lat' dir='ltr'><strong>faeiem</strong></span> <span class='ocrx_word' id='word_1_42' title='bbox 585 1316 785 1412; x_wconf 77' lang='lat' dir='ltr'><strong>ingutere,</strong></span> <span class='ocrx_word' id='word_1_43' title='bbox 824 1315 922 1412; x_wconf 82' lang='lat' dir='ltr'><strong>quod</strong></span> <span class='ocrx_word' id='word_1_44' title='bbox 957 1337 1154 1413; x_wconf 75' lang='lat' dir='ltr'><strong>possumne</strong></span> <span class='ocrx_word' id='word_1_45' title='bbox 1188 1316 1315 1391; x_wconf 81' lang='lat' dir='ltr'><strong>statim</strong></span> <span class='ocrx_word' id='word_1_46' title='bbox 1347 1315 1528 1392; x_wconf 75' lang='lat' dir='ltr'><strong>Nautior-</strong></span> 
     </span>
     <span class='ocr_line' id='line_1_8' title="bbox 410 1434 1528 1545; baseline 0 -27"><span class='ocrx_word' id='word_1_47' title='bbox 410 1443 545 1520; x_wconf 82' lang='lat' dir='ltr'><strong>Albem</strong></span> <span class='ocrx_word' id='word_1_48' title='bbox 573 1441 619 1518; x_wconf 84' lang='lat' dir='ltr'><strong>de</strong></span> <span class='ocrx_word' id='word_1_49' title='bbox 646 1441 818 1518; x_wconf 79' lang='lat' dir='ltr'><strong>munibus</strong></span> <span class='ocrx_word' id='word_1_50' title='bbox 846 1439 1054 1518; x_wconf 84' lang='lat' dir='ltr'><strong>Tuuearum</strong></span> <span class='ocrx_word' id='word_1_51' title='bbox 1071 1434 1296 1545; x_wconf 71' lang='lat' dir='ltr'>{expedire.“</span> <span class='ocrx_word' id='word_1_52' title='bbox 1336 1441 1413 1516; x_wconf 88' lang='lat' dir='ltr'><strong>Hie</strong></span> <span class='ocrx_word' id='word_1_53' title='bbox 1437 1463 1528 1518; x_wconf 90' lang='lat' dir='ltr'><strong>eum</strong></span> 
     </span>
     <span class='ocr_line' id='line_1_9' title="bbox 409 1567 1525 1665; baseline 0 -21"><span class='ocrx_word' id='word_1_54' title='bbox 409 1570 557 1646; x_wconf 85' lang='lat' dir='ltr'><strong>audien.</strong></span> <span class='ocrx_word' id='word_1_55' title='bbox 576 1591 722 1646; x_wconf 79' lang='lat' dir='ltr'><strong>rursum</strong></span> <span class='ocrx_word' id='word_1_56' title='bbox 740 1569 900 1644; x_wconf 84' lang='lat' dir='ltr'><strong>alaman.</strong></span> <span class='ocrx_word' id='word_1_57' title='bbox 921 1575 958 1644; x_wconf 87' lang='lat' dir='ltr'><strong>et</strong></span> <span class='ocrx_word' id='word_1_58' title='bbox 976 1567 1113 1644; x_wconf 80' lang='lat' dir='ltr'>dicen:</span> <span class='ocrx_word' id='word_1_59' title='bbox 1137 1567 1274 1665; x_wconf 73' lang='lat' dir='ltr'><strong>„Bene</strong></span> <span class='ocrx_word' id='word_1_60' title='bbox 1295 1569 1390 1645; x_wconf 92' lang='lat' dir='ltr'><strong>bene</strong></span> <span class='ocrx_word' id='word_1_61' title='bbox 1408 1567 1525 1664; x_wconf 83' lang='lat' dir='ltr'>erit,“</span> 
     </span>
     <span class='ocr_line' id='line_1_10' title="bbox 410 1692 1528 1792; baseline 0.003 -22"><span class='ocrx_word' id='word_1_62' title='bbox 410 1695 461 1770; x_wconf 83' lang='lat' dir='ltr'><strong>Et</strong></span> <span class='ocrx_word' id='word_1_63' title='bbox 477 1695 702 1771; x_wconf 84' lang='lat' dir='ltr'><strong>unanimiter</strong></span> <span class='ocrx_word' id='word_1_64' title='bbox 720 1693 932 1789; x_wconf 79' lang='lat' dir='ltr'><strong>uenierunt,</strong></span> <span class='ocrx_word' id='word_1_65' title='bbox 958 1692 1026 1773; x_wconf 81' lang='lat' dir='ltr'><strong>eei</strong></span> <span class='ocrx_word' id='word_1_66' title='bbox 1051 1715 1142 1792; x_wconf 84' lang='lat' dir='ltr'><strong>pare</strong></span> <span class='ocrx_word' id='word_1_67' title='bbox 1160 1693 1320 1770; x_wconf 88' lang='lat' dir='ltr'><strong>vaiuode</strong></span> <span class='ocrx_word' id='word_1_68' title='bbox 1338 1717 1432 1792; x_wconf 83' lang='lat' dir='ltr'><strong>nun,</strong></span> <span class='ocrx_word' id='word_1_69' title='bbox 1453 1693 1528 1774; x_wconf 83' lang='lat' dir='ltr'><strong>aed</strong></span> 
     </span>
     <span class='ocr_line' id='line_1_11' title="bbox 410 1819 1528 1918; baseline 0 -20"><span class='ocrx_word' id='word_1_70' title='bbox 410 1821 725 1898; x_wconf 83' lang='lat' dir='ltr'><strong>contradixerunt.</strong></span> <span class='ocrx_word' id='word_1_71' title='bbox 749 1819 926 1918; x_wconf 81' lang='lat' dir='ltr'>„Domini</span> <span class='ocrx_word' id='word_1_72' title='bbox 945 1819 1031 1916; x_wconf 85' lang='lat' dir='ltr'><strong>mei,</strong></span> <span class='ocrx_word' id='word_1_73' title='bbox 1051 1819 1244 1918; x_wconf 77' lang='lat' dir='ltr'><strong>dicebant,</strong></span> <span class='ocrx_word' id='word_1_74' title='bbox 1264 1843 1387 1898; x_wconf 90' lang='lat' dir='ltr'><strong>nonne</strong></span> <span class='ocrx_word' id='word_1_75' title='bbox 1404 1820 1528 1898; x_wconf 86' lang='lat' dir='ltr'><strong>hebe-</strong></span> 
     </span>
     <span class='ocr_line' id='line_1_12' title="bbox 410 1945 1527 2044; baseline 0 -20"><span class='ocrx_word' id='word_1_76' title='bbox 410 1971 493 2026; x_wconf 83' lang='lat' dir='ltr'><strong>mua</strong></span> <span class='ocrx_word' id='word_1_77' title='bbox 509 1972 578 2026; x_wconf 81' lang='lat' dir='ltr'><strong>noa</strong></span> <span class='ocrx_word' id='word_1_78' title='bbox 597 1969 726 2024; x_wconf 80' lang='lat' dir='ltr'><strong>omnes</strong></span> <span class='ocrx_word' id='word_1_79' title='bbox 743 1953 799 2023; x_wconf 86' lang='lat' dir='ltr'><strong>tot</strong></span> <span class='ocrx_word' id='word_1_80' title='bbox 816 1969 948 2024; x_wconf 89' lang='lat' dir='ltr'><strong>aurum</strong></span> <span class='ocrx_word' id='word_1_81' title='bbox 966 1953 1003 2022; x_wconf 86' lang='lat' dir='ltr'><strong>et</strong></span> <span class='ocrx_word' id='word_1_82' title='bbox 1020 1952 1237 2044; x_wconf 83' lang='lat' dir='ltr'><strong>argentum,</strong></span> <span class='ocrx_word' id='word_1_83' title='bbox 1258 1947 1299 2022; x_wconf 92' lang='lat' dir='ltr'><strong>in</strong></span> <span class='ocrx_word' id='word_1_84' title='bbox 1315 1953 1396 2024; x_wconf 80' lang='lat' dir='ltr'><strong>tuta</strong></span> <span class='ocrx_word' id='word_1_85' title='bbox 1413 1945 1527 2024; x_wconf 89' lang='lat' dir='ltr'><strong>Hun-</strong></span> 
     </span>
     <span class='ocr_line' id='line_1_13' title="bbox 409 2072 1531 2172; baseline 0.001 -23"><span class='ocrx_word' id='word_1_86' title='bbox 409 2077 517 2172; x_wconf 80' lang='lat' dir='ltr'><strong>garia</strong></span> <span class='ocrx_word' id='word_1_87' title='bbox 536 2097 611 2150; x_wconf 92' lang='lat' dir='ltr'><strong>uon</strong></span> <span class='ocrx_word' id='word_1_88' title='bbox 628 2081 686 2150; x_wconf 79' lang='lat' dir='ltr'><strong>eet</strong></span> <span class='ocrx_word' id='word_1_89' title='bbox 706 2081 762 2150; x_wconf 84' lang='lat' dir='ltr'><strong>tot</strong></span> <span class='ocrx_word' id='word_1_90' title='bbox 789 2074 980 2172; x_wconf 86' lang='lat' dir='ltr'><strong>plumbum</strong></span> <span class='ocrx_word' id='word_1_91' title='bbox 998 2072 1193 2168; x_wconf 71' lang='lat' dir='ltr'><strong>ciseium,</strong></span> <span class='ocrx_word' id='word_1_92' title='bbox 1222 2095 1313 2170; x_wconf 77' lang='lat' dir='ltr'><strong>ergo</strong></span> <span class='ocrx_word' id='word_1_93' title='bbox 1339 2075 1531 2152; x_wconf 79' lang='lat' dir='ltr'><strong>nonlicet</strong></span> 
     </span>
     <span class='ocr_line' id='line_1_14' title="bbox 411 2197 1528 2299; baseline 0.003 -22"><span class='ocrx_word' id='word_1_94' title='bbox 411 2202 630 2297; x_wconf 79' lang='lat' dir='ltr'><strong>ecelesiam,</strong></span> <span class='ocrx_word' id='word_1_95' title='bbox 659 2200 805 2276; x_wconf 89' lang='lat' dir='ltr'><strong>domum</strong></span> <span class='ocrx_word' id='word_1_96' title='bbox 823 2199 1011 2278; x_wconf 81' lang='lat' dir='ltr'><strong>oraaionis</strong></span> <span class='ocrx_word' id='word_1_97' title='bbox 1036 2197 1287 2299; x_wconf 81' lang='lat' dir='ltr'><strong>despoliare.“</strong></span> <span class='ocrx_word' id='word_1_98' title='bbox 1314 2197 1436 2293; x_wconf 85' lang='lat' dir='ltr'><strong>Quum</strong></span> <span class='ocrx_word' id='word_1_99' title='bbox 1454 2224 1528 2280; x_wconf 88' lang='lat' dir='ltr'><strong>au-</strong></span> 
     </span>
     <span class='ocr_line' id='line_1_15' title="bbox 411 2326 1527 2426; baseline 0.001 -22"><span class='ocrx_word' id='word_1_100' title='bbox 411 2329 554 2406; x_wconf 78' lang='lat' dir='ltr'><strong>dissent</strong></span> <span class='ocrx_word' id='word_1_101' title='bbox 570 2326 754 2424; x_wconf 78' lang='lat' dir='ltr'>regnieoli</span> <span class='ocrx_word' id='word_1_102' title='bbox 773 2348 855 2402; x_wconf 89' lang='lat' dir='ltr'><strong>eum</strong></span> <span class='ocrx_word' id='word_1_103' title='bbox 879 2326 1023 2422; x_wconf 76' lang='lat' dir='ltr'><strong>grande</strong></span> <span class='ocrx_word' id='word_1_104' title='bbox 1047 2327 1225 2423; x_wconf 76' lang='lat' dir='ltr'><strong>clangore</strong></span> <span class='ocrx_word' id='word_1_105' title='bbox 1243 2327 1447 2426; x_wconf 85' lang='lat' dir='ltr'><strong>imppetum</strong></span> <span class='ocrx_word' id='word_1_106' title='bbox 1465 2329 1527 2406; x_wconf 87' lang='lat' dir='ltr'><strong>ie·</strong></span> 
     </span>
     <span class='ocr_line' id='line_1_16' title="bbox 410 2451 1529 2552; baseline 0 -20"><span class='ocrx_word' id='word_1_107' title='bbox 410 2461 539 2532; x_wconf 79' lang='lat' dir='ltr'><strong>cerunt</strong></span> <span class='ocrx_word' id='word_1_108' title='bbox 566 2461 604 2530; x_wconf 81' lang='lat' dir='ltr'><strong>et</strong></span> <span class='ocrx_word' id='word_1_109' title='bbox 630 2453 832 2530; x_wconf 77' lang='lat' dir='ltr'>dicebant:</span> <span class='ocrx_word' id='word_1_110' title='bbox 862 2451 1022 2548; x_wconf 86' lang='lat' dir='ltr'><strong>„Nonne</strong></span> <span class='ocrx_word' id='word_1_111' title='bbox 1048 2453 1132 2551; x_wconf 81' lang='lat' dir='ltr'>ipse</span> <span class='ocrx_word' id='word_1_112' title='bbox 1158 2475 1307 2552; x_wconf 80' lang='lat' dir='ltr'>semper</span> <span class='ocrx_word' id='word_1_113' title='bbox 1333 2455 1529 2532; x_wconf 82' lang='lat' dir='ltr'><strong>zizaniam</strong></span> 
     </span>
     <span class='ocr_line' id='line_1_17' title="bbox 410 2579 1528 2678; baseline 0.004 -22"><span class='ocrx_word' id='word_1_114' title='bbox 410 2583 507 2658; x_wconf 86' lang='lat' dir='ltr'><strong>inter</strong></span> <span class='ocrx_word' id='word_1_115' title='bbox 526 2587 721 2678; x_wconf 76' lang='lat' dir='ltr'><strong>magnates</strong></span> <span class='ocrx_word' id='word_1_116' title='bbox 739 2587 777 2656; x_wconf 88' lang='lat' dir='ltr'><strong>et</strong></span> <span class='ocrx_word' id='word_1_117' title='bbox 794 2581 892 2658; x_wconf 76' lang='lat' dir='ltr'><strong>inter</strong></span> <span class='ocrx_word' id='word_1_118' title='bbox 918 2579 1206 2677; x_wconf 76' lang='lat' dir='ltr'><strong>regnicolarum.</strong></span> <span class='ocrx_word' id='word_1_119' title='bbox 1235 2579 1378 2660; x_wconf 84' lang='lat' dir='ltr'><strong>Eamne</strong></span> <span class='ocrx_word' id='word_1_120' title='bbox 1405 2583 1528 2660; x_wconf 85' lang='lat' dir='ltr'><strong>inter·</strong></span> 
     </span>
     <span class='ocr_line' id='line_1_18' title="bbox 411 2703 1526 2799; baseline 0.004 -17"><span class='ocrx_word' id='word_1_121' title='bbox 411 2708 580 2786; x_wconf 79' lang='lat' dir='ltr'><strong>finiamus</strong></span> <span class='ocrx_word' id='word_1_122' title='bbox 596 2708 758 2786; x_wconf 79' lang='lat' dir='ltr'><strong>bestiam</strong></span> <span class='ocrx_word' id='word_1_123' title='bbox 776 2707 925 2784; x_wconf 80' lang='lat' dir='ltr'><strong>iatam.“</strong></span> <span class='ocrx_word' id='word_1_124' title='bbox 946 2703 1055 2799; x_wconf 85' lang='lat' dir='ltr'><strong>Quod</strong></span> <span class='ocrx_word' id='word_1_125' title='bbox 1063 2707 1222 2785; x_wconf 75' lang='lat' dir='ltr'>vidisset</span> <span class='ocrx_word' id='word_1_126' title='bbox 1230 2730 1415 2787; x_wconf 87' lang='lat' dir='ltr'><strong>rumorem</strong></span> <span class='ocrx_word' id='word_1_127' title='bbox 1432 2709 1526 2786; x_wconf 87' lang='lat' dir='ltr'><strong>hur-</strong></span> 
     </span>
     <span class='ocr_line' id='line_1_19' title="bbox 413 2835 1527 2935; baseline 0.001 -23"><span class='ocrx_word' id='word_1_128' title='bbox 413 2835 566 2912; x_wconf 80' lang='lat' dir='ltr'><strong>rendum</strong></span> <span class='ocrx_word' id='word_1_129' title='bbox 594 2843 724 2912; x_wconf 79' lang='lat' dir='ltr'><strong>eontra</strong></span> <span class='ocrx_word' id='word_1_130' title='bbox 742 2859 845 2931; x_wconf 84' lang='lat' dir='ltr'><strong>eum,</strong></span> <span class='ocrx_word' id='word_1_131' title='bbox 873 2843 911 2912; x_wconf 84' lang='lat' dir='ltr'><strong>et</strong></span> <span class='ocrx_word' id='word_1_132' title='bbox 929 2836 1046 2911; x_wconf 86' lang='lat' dir='ltr'><strong>verba</strong></span> <span class='ocrx_word' id='word_1_133' title='bbox 1072 2835 1271 2912; x_wconf 79' lang='lat' dir='ltr'><strong>mitissima</strong></span> <span class='ocrx_word' id='word_1_134' title='bbox 1288 2837 1388 2935; x_wconf 85' lang='lat' dir='ltr'>eepit</span> <span class='ocrx_word' id='word_1_135' title='bbox 1404 2837 1527 2934; x_wconf 89' lang='lat' dir='ltr'><strong>loqui.</strong></span> 
     </span>
     <span class='ocr_line' id='line_1_20' title="bbox 413 2961 1530 3059; baseline 0.001 -21"><span class='ocrx_word' id='word_1_136' title='bbox 413 2963 597 3040; x_wconf 75' lang='lat' dir='ltr'>Dicebat:</span> <span class='ocrx_word' id='word_1_137' title='bbox 619 2963 798 3059; x_wconf 86' lang='lat' dir='ltr'><strong>„Domini</strong></span> <span class='ocrx_word' id='word_1_138' title='bbox 817 2964 902 3058; x_wconf 87' lang='lat' dir='ltr'><strong>mei,</strong></span> <span class='ocrx_word' id='word_1_139' title='bbox 922 2970 1046 3038; x_wconf 84' lang='lat' dir='ltr'><strong>tamen</strong></span> <span class='ocrx_word' id='word_1_140' title='bbox 1063 2961 1119 3038; x_wconf 93' lang='lat' dir='ltr'><strong>nil</strong></span> <span class='ocrx_word' id='word_1_141' title='bbox 1137 2963 1413 3041; x_wconf 78' lang='lat' dir='ltr'><strong>maliinverbis</strong></span> <span class='ocrx_word' id='word_1_142' title='bbox 1427 2965 1530 3040; x_wconf 80' lang='lat' dir='ltr'><strong>meis</strong></span> 
     </span>
     <span class='ocr_line' id='line_1_21' title="bbox 415 3089 1529 3187; baseline 0.006 -27"><span class='ocrx_word' id='word_1_143' title='bbox 415 3096 544 3164; x_wconf 89' lang='lat' dir='ltr'><strong>eontra</strong></span> <span class='ocrx_word' id='word_1_144' title='bbox 563 3089 841 3166; x_wconf 80' lang='lat' dir='ltr'><strong>dominacionee</strong></span> <span class='ocrx_word' id='word_1_145' title='bbox 859 3095 1005 3164; x_wconf 80' lang='lat' dir='ltr'><strong>vestras</strong></span> <span class='ocrx_word' id='word_1_146' title='bbox 1024 3089 1253 3166; x_wconf 82' lang='lat' dir='ltr'><strong>auntulieeet.</strong></span> <span class='ocrx_word' id='word_1_147' title='bbox 1283 3089 1386 3187; x_wconf 79' lang='lat' dir='ltr'>Ergo</span> <span class='ocrx_word' id='word_1_148' title='bbox 1404 3089 1529 3168; x_wconf 84' lang='lat' dir='ltr'><strong>nolite</strong></span> 
     </span>
     <span class='ocr_line' id='line_1_22' title="bbox 413 3215 1530 3316; baseline 0.004 -25"><span class='ocrx_word' id='word_1_149' title='bbox 413 3239 471 3292; x_wconf 89' lang='lat' dir='ltr'><strong>me</strong></span> <span class='ocrx_word' id='word_1_150' title='bbox 489 3218 704 3316; x_wconf 83' lang='lat' dir='ltr'><strong>inerepare,</strong></span> <span class='ocrx_word' id='word_1_151' title='bbox 735 3217 824 3315; x_wconf 89' lang='lat' dir='ltr'><strong>quid</strong></span> <span class='ocrx_word' id='word_1_152' title='bbox 841 3215 1118 3296; x_wconf 79' lang='lat' dir='ltr'><strong>dominauiuuee</strong></span> <span class='ocrx_word' id='word_1_153' title='bbox 1134 3225 1260 3295; x_wconf 79' lang='lat' dir='ltr'><strong>vestre</strong></span> <span class='ocrx_word' id='word_1_154' title='bbox 1277 3219 1464 3314; x_wconf 80' lang='lat' dir='ltr'><strong>statuerit,</strong></span> <span class='ocrx_word' id='word_1_155' title='bbox 1485 3230 1530 3296; x_wconf 85' lang='lat' dir='ltr'><strong>et</strong></span> 
     </span>
     <span class='ocr_line' id='line_1_23' title="bbox 414 3343 1527 3441; baseline 0.004 -21"><span class='ocrx_word' id='word_1_156' title='bbox 414 3366 486 3441; x_wconf 82' lang='lat' dir='ltr'><strong>ego</strong></span> <span class='ocrx_word' id='word_1_157' title='bbox 505 3367 580 3420; x_wconf 88' lang='lat' dir='ltr'><strong>non</strong></span> <span class='ocrx_word' id='word_1_158' title='bbox 599 3344 833 3438; x_wconf 79' lang='lat' dir='ltr'><strong>contradico,</strong></span> <span class='ocrx_word' id='word_1_159' title='bbox 854 3343 921 3419; x_wconf 79' lang='lat' dir='ltr'><strong>aed</strong></span> <span class='ocrx_word' id='word_1_160' title='bbox 940 3345 1131 3421; x_wconf 77' lang='lat' dir='ltr'><strong>vobiscum</strong></span> <span class='ocrx_word' id='word_1_161' title='bbox 1150 3345 1345 3424; x_wconf 74' lang='lat' dir='ltr'><strong>abefinebb</strong></span> <span class='ocrx_word' id='word_1_162' title='bbox 1364 3355 1402 3422; x_wconf 87' lang='lat' dir='ltr'><strong>et</strong></span> <span class='ocrx_word' id='word_1_163' title='bbox 1418 3345 1527 3424; x_wconf 77' lang='lat' dir='ltr'>hesi-</span> 
     </span>
     <span class='ocr_line' id='line_1_24' title="bbox 389 3470 1526 3572; baseline 0.001 -24"><span class='ocrx_word' id='word_1_164' title='bbox 389 3473 499 3550; x_wconf 82' lang='lat' dir='ltr'><strong>·tabo</strong></span> <span class='ocrx_word' id='word_1_165' title='bbox 518 3473 558 3547; x_wconf 94' lang='lat' dir='ltr'><strong>in</strong></span> <span class='ocrx_word' id='word_1_166' title='bbox 575 3473 725 3548; x_wconf 83' lang='lat' dir='ltr'><strong>eimul.“</strong></span> <span class='ocrx_word' id='word_1_167' title='bbox 754 3470 876 3564; x_wconf 80' lang='lat' dir='ltr'><strong>Quum</strong></span> <span class='ocrx_word' id='word_1_168' title='bbox 895 3473 1043 3548; x_wconf 83' lang='lat' dir='ltr'><strong>audien.</strong></span> <span class='ocrx_word' id='word_1_169' title='bbox 1069 3475 1406 3552; x_wconf 80' lang='lat' dir='ltr'><strong>renonciliauerant</strong></span> <span class='ocrx_word' id='word_1_170' title='bbox 1423 3495 1526 3572; x_wconf 86' lang='lat' dir='ltr'><strong>eum,</strong></span> 
     </span>
     <span class='ocr_line' id='line_1_25' title="bbox 413 3599 1526 3700; baseline 0.002 -24"><span class='ocrx_word' id='word_1_171' title='bbox 413 3601 501 3696; x_wconf 85' lang='lat' dir='ltr'><strong>quia</strong></span> <span class='ocrx_word' id='word_1_172' title='bbox 528 3599 610 3676; x_wconf 85' lang='lat' dir='ltr'><strong>eine</strong></span> <span class='ocrx_word' id='word_1_173' title='bbox 638 3601 723 3698; x_wconf 77' lang='lat' dir='ltr'>ipso</span> <span class='ocrx_word' id='word_1_174' title='bbox 750 3601 804 3676; x_wconf 95' lang='lat' dir='ltr'><strong>nil</strong></span> <span class='ocrx_word' id='word_1_175' title='bbox 833 3609 939 3676; x_wconf 86' lang='lat' dir='ltr'><strong>erant</strong></span> <span class='ocrx_word' id='word_1_176' title='bbox 956 3602 1176 3698; x_wconf 69' lang='lat' dir='ltr'><strong>negniuole.</strong></span> <span class='ocrx_word' id='word_1_177' title='bbox 1215 3600 1400 3694; x_wconf 83' lang='lat' dir='ltr'><strong>Quoniam</strong></span> <span class='ocrx_word' id='word_1_178' title='bbox 1437 3603 1526 3700; x_wconf 77' lang='lat' dir='ltr'><strong>ipae</strong></span> 
     </span>
     <span class='ocr_line' id='line_1_26' title="bbox 415 3722 1527 3826; baseline 0.005 -26"><span class='ocrx_word' id='word_1_179' title='bbox 415 3722 629 3824; x_wconf 78' lang='lat' dir='ltr'><strong>Stephanus</strong></span> <span class='ocrx_word' id='word_1_180' title='bbox 648 3726 851 3824; x_wconf 87' lang='lat' dir='ltr'>Verbwehj</span> <span class='ocrx_word' id='word_1_181' title='bbox 870 3727 1033 3825; x_wconf 79' lang='lat' dir='ltr'><strong>prudens</strong></span> <span class='ocrx_word' id='word_1_182' title='bbox 1050 3727 1161 3804; x_wconf 86' lang='lat' dir='ltr'><strong>valde</strong></span> <span class='ocrx_word' id='word_1_183' title='bbox 1180 3735 1280 3825; x_wconf 87' lang='lat' dir='ltr'><strong>erat,</strong></span> <span class='ocrx_word' id='word_1_184' title='bbox 1301 3729 1364 3826; x_wconf 90' lang='lat' dir='ltr'><strong>qui</strong></span> <span class='ocrx_word' id='word_1_185' title='bbox 1382 3728 1527 3806; x_wconf 80' lang='lat' dir='ltr'><strong>antiau-</strong></span> 
     </span>
     <span class='ocr_line' id='line_1_27' title="bbox 413 3851 1526 3950; baseline 0.004 -24"><span class='ocrx_word' id='word_1_186' title='bbox 413 3853 471 3928; x_wconf 83' lang='lat' dir='ltr'><strong>lue</strong></span> <span class='ocrx_word' id='word_1_187' title='bbox 489 3851 613 3948; x_wconf 78' lang='lat' dir='ltr'><strong>Regni</strong></span> <span class='ocrx_word' id='word_1_188' title='bbox 632 3860 670 3927; x_wconf 84' lang='lat' dir='ltr'><strong>ei</strong></span> <span class='ocrx_word' id='word_1_189' title='bbox 687 3852 854 3929; x_wconf 79' lang='lat' dir='ltr'><strong>diciones</strong></span> <span class='ocrx_word' id='word_1_190' title='bbox 881 3853 992 3928; x_wconf 83' lang='lat' dir='ltr'><strong>uelde</strong></span> <span class='ocrx_word' id='word_1_191' title='bbox 1019 3855 1183 3950; x_wconf 76' lang='lat' dir='ltr'><strong>eeiebat,</strong></span> <span class='ocrx_word' id='word_1_192' title='bbox 1203 3863 1240 3930; x_wconf 88' lang='lat' dir='ltr'><strong>et</strong></span> <span class='ocrx_word' id='word_1_193' title='bbox 1257 3857 1403 3932; x_wconf 86' lang='lat' dir='ltr'><strong>nouiter</strong></span> <span class='ocrx_word' id='word_1_194' title='bbox 1421 3877 1526 3930; x_wconf 83' lang='lat' dir='ltr'><strong>eom-</strong></span> 
     </span>
     <span class='ocr_line' id='line_1_28' title="bbox 413 3977 1526 4079; baseline 0.004 -25"><span class='ocrx_word' id='word_1_195' title='bbox 413 3986 590 4077; x_wconf 80' lang='lat' dir='ltr'><strong>pueuerai</strong></span> <span class='ocrx_word' id='word_1_196' title='bbox 607 3979 795 4056; x_wconf 77' lang='lat' dir='ltr'><strong>decretum</strong></span> <span class='ocrx_word' id='word_1_197' title='bbox 812 3977 1088 4076; x_wconf 77' lang='lat' dir='ltr'><strong>Hungamrum,</strong></span> <span class='ocrx_word' id='word_1_198' title='bbox 1109 3987 1146 4056; x_wconf 88' lang='lat' dir='ltr'><strong>et</strong></span> <span class='ocrx_word' id='word_1_199' title='bbox 1155 3982 1265 4057; x_wconf 87' lang='lat' dir='ltr'><strong>valde</strong></span> <span class='ocrx_word' id='word_1_200' title='bbox 1275 3983 1395 4058; x_wconf 83' lang='lat' dir='ltr'><strong>altera</strong></span> <span class='ocrx_word' id='word_1_201' title='bbox 1412 3991 1526 4079; x_wconf 84' lang='lat' dir='ltr'>perte</span> 
     </span>
     <span class='ocr_line' id='line_1_29' title="bbox 414 4105 1528 4202; baseline 0.007 -24"><span class='ocrx_word' id='word_1_202' title='bbox 414 4105 601 4182; x_wconf 82' lang='lat' dir='ltr'><strong>fauebunt.</strong></span> <span class='ocrx_word' id='word_1_203' title='bbox 638 4105 689 4180; x_wconf 86' lang='lat' dir='ltr'><strong>Et</strong></span> <span class='ocrx_word' id='word_1_204' title='bbox 724 4106 933 4182; x_wconf 79' lang='lat' dir='ltr'><strong>dicebant:</strong></span> <span class='ocrx_word' id='word_1_205' title='bbox 974 4105 1133 4202; x_wconf 85' lang='lat' dir='ltr'><strong>„Nonne</strong></span> <span class='ocrx_word' id='word_1_206' title='bbox 1162 4109 1299 4184; x_wconf 90' lang='lat' dir='ltr'><strong>bonum</strong></span> <span class='ocrx_word' id='word_1_207' title='bbox 1328 4117 1386 4186; x_wconf 81' lang='lat' dir='ltr'><strong>est</strong></span> <span class='ocrx_word' id='word_1_208' title='bbox 1411 4109 1528 4186; x_wconf 79' lang='lat' dir='ltr'><strong>nobie</strong></span> 
     </span>
     <span class='ocr_line' id='line_1_30' title="bbox 414 4231 1529 4334; baseline 0.004 -26"><span class='ocrx_word' id='word_1_209' title='bbox 414 4231 690 4330; x_wconf 82' lang='lat' dir='ltr'><strong>Hungarorum‚</strong></span> <span class='ocrx_word' id='word_1_210' title='bbox 702 4233 834 4310; x_wconf 78' lang='lat' dir='ltr'><strong>melius</strong></span> <span class='ocrx_word' id='word_1_211' title='bbox 851 4233 1018 4332; x_wconf 86' lang='lat' dir='ltr'>promitit</span> <span class='ocrx_word' id='word_1_212' title='bbox 1026 4255 1067 4309; x_wconf 82' lang='lat' dir='ltr'><strong>ee</strong></span> <span class='ocrx_word' id='word_1_213' title='bbox 1077 4235 1162 4334; x_wconf 76' lang='lat' dir='ltr'><strong>ipsa</strong></span> <span class='ocrx_word' id='word_1_214' title='bbox 1180 4233 1340 4332; x_wconf 77' lang='lat' dir='ltr'><strong>Regina.</strong></span> <span class='ocrx_word' id='word_1_215' title='bbox 1360 4235 1529 4334; x_wconf 84' lang='lat' dir='ltr'>Ineipiet</span> 
     </span>
     <span class='ocr_line' id='line_1_31' title="bbox 413 4360 1524 4462; baseline 0.003 -26"><span class='ocrx_word' id='word_1_216' title='bbox 413 4383 481 4458; x_wconf 88' lang='lat' dir='ltr'><strong>per</strong></span> <span class='ocrx_word' id='word_1_217' title='bbox 499 4360 725 4437; x_wconf 76' lang='lat' dir='ltr'><strong>monetarios</strong></span> <span class='ocrx_word' id='word_1_218' title='bbox 743 4360 916 4454; x_wconf 81' lang='lat' dir='ltr'><strong>ingutere</strong></span> <span class='ocrx_word' id='word_1_219' title='bbox 927 4367 1111 4436; x_wconf 75' lang='lat' dir='ltr'><strong>monetam</strong></span> <span class='ocrx_word' id='word_1_220' title='bbox 1129 4361 1177 4436; x_wconf 86' lang='lat' dir='ltr'><strong>ad</strong></span> <span class='ocrx_word' id='word_1_221' title='bbox 1194 4383 1327 4438; x_wconf 89' lang='lat' dir='ltr'><strong>nouem</strong></span> <span class='ocrx_word' id='word_1_222' title='bbox 1345 4363 1524 4462; x_wconf 66' lang='lat' dir='ltr'><strong>letamen,</strong></span> 
     </span>
     <span class='ocr_line' id='line_1_32' title="bbox 414 4484 1523 4586; baseline 0.005 -26"><span class='ocrx_word' id='word_1_223' title='bbox 414 4495 451 4560; x_wconf 80' lang='lat' dir='ltr'><strong>et</strong></span> <span class='ocrx_word' id='word_1_224' title='bbox 468 4487 641 4584; x_wconf 78' lang='lat' dir='ltr'><strong>promisit</strong></span> <span class='ocrx_word' id='word_1_225' title='bbox 658 4486 747 4564; x_wconf 83' lang='lat' dir='ltr'><strong>dare</strong></span> <span class='ocrx_word' id='word_1_226' title='bbox 765 4484 814 4562; x_wconf 87' lang='lat' dir='ltr'><strong>ad</strong></span> <span class='ocrx_word' id='word_1_227' title='bbox 832 4485 1081 4564; x_wconf 81' lang='lat' dir='ltr'><strong>adiuuandum</strong></span> <span class='ocrx_word' id='word_1_228' title='bbox 1098 4486 1222 4586; x_wconf 78' lang='lat' dir='ltr'>Regni</span> <span class='ocrx_word' id='word_1_229' title='bbox 1242 4487 1437 4586; x_wconf 79' lang='lat' dir='ltr'><strong>Hungarie</strong></span> <span class='ocrx_word' id='word_1_230' title='bbox 1456 4490 1523 4566; x_wconf 84' lang='lat' dir='ltr'><strong>de·</strong></span> 
     </span>
    </p>
   </div>
   <div class='ocr_carea' id='block_1_3' title="bbox 425 4773 737 4844">
    <p class='ocr_par' dir='ltr' id='par_1_3' title="bbox 425 4773 737 4844">
     <span class='ocr_line' id='line_1_33' title="bbox 425 4773 737 4844; baseline 0 -12"><span class='ocrx_word' id='word_1_231' title='bbox 425 4777 471 4844; x_wconf 86' lang='lat'><strong>.&#39;)</strong></span> <span class='ocrx_word' id='word_1_232' title='bbox 491 4775 571 4830; x_wconf 75' lang='lat' dir='ltr'><strong>Anna</strong></span> <span class='ocrx_word' id='word_1_233' title='bbox 590 4773 737 4844; x_wconf 74' lang='lat' dir='ltr'><strong>,‚nim.“</strong></span> 
     </span>
    </p>
   </div>
   <div class='ocr_carea' id='block_1_4' title="bbox 0 0 1633 5210">
    <p class='ocr_par' dir='ltr' id='par_1_4' title="bbox 0 0 1633 5210">
     <span class='ocr_line' id='line_1_34' title="bbox 0 0 1633 5210; baseline 0 0"><span class='ocrx_word' id='word_1_234' title='bbox 0 0 1633 5210; x_wconf 95' lang='lat' dir='ltr'><strong> </strong></span> 
     </span>
    </p>
   </div>
  </div>
 </body>
</html>
