3238 5228
1112 515 1188 592 241

94 709 247 804 Wduar,
268 719 306 786 et
325 712 378 788 ibi
397 711 709 810 pernootauimos.
740 713 823 787 Rex
853 711 1000 810 quidem
1028 713 1191 791 habebat

26 905 27 928 p
94 835 285 936 hospicium
315 837 415 936 apud
437 837 748 936 patremfamilias
776 838 874 914 domi
905 837 995 915 Biro
1025 837 1189 940 Gsspar,

26 961 27 1020 ἶ
93 969 120 1036 et
135 959 225 1061 Regi
245 965 380 1042 obtulit
398 987 510 1040 vnum
530 987 598 1042 vas
617 963 767 1040 ordeum
784 973 821 1039 et
829 987 942 1040 vnum
963 988 1035 1041 ves
1052 988 1192 1042 suenus

26 1135 27 1140 Ν
93 1091 270 1188 epulando
282 1093 330 1168 ad
340 1115 519 1190 equorum
537 1091 666 1188 Regis.
685 1091 801 1170 Flens
812 1099 848 1167 et
858 1094 1004 1190 ejulans
1023 1093 1190 1171 dicebat:

26 1291 27 1326 ;
96 1211 142 1308 „0
166 1218 310 1295 domine
339 1219 389 1294 mi
416 1219 688 1316 gratiosissime
716 1217 819 1314 Rex,
851 1243 933 1294 sum
961 1219 1128 1316 direptus
1156 1227 1194 1293 et

26 1333 27 1360 ¹
93 1363 251 1438 opressus
268 1369 337 1446 per
355 1347 525 1422 dominos
544 1345 809 1422 Ariaudinos.“
833 1343 900 1420 Ait
917 1343 999 1421 Rex
1020 1374 1028 1418 :
1052 1345 1191 1443 „Tace

26 1471 27 1530 l
93 1477 179 1566 tuoe,
206 1481 313 1572 pater
344 1474 395 1548 mi
424 1471 599 1572 Gaspare
629 1471 773 1560 Judex‚
811 1471 938 1547 audiui
966 1479 1004 1547 et
1029 1473 1191 1569 preseioi

92 1607 177 1673 luam
200 1600 510 1700 opressitudinem
538 1600 661 1675 adhue
689 1601 728 1674 in
756 1598 887 1696 Regno
916 1599 1109 1674 Polonie.“
1141 1600 1193 1674 ut

26 1739 27 1790 l
93 1732 159 1799 erat
175 1726 283 1802 valde
307 1731 385 1825 jam
413 1725 563 1823 gelidus
582 1724 682 1816 dies,
704 1732 741 1799 st
759 1747 866 1800 mane
885 1726 1135 1822 surreximus,
1156 1734 1193 1801 et

26 1893 27 1938 p
95 1849 169 1924 nihi
196 1853 364 1951 precepit
387 1850 489 1948 Rex,
514 1858 555 1925 vt
573 1875 644 1948 ego
663 1853 786 1948 legam
806 1853 979 1949 missam;
1000 1861 1037 1926 et
1054 1861 1135 1928 erat
1153 1854 1192 1929 in

26 2031 27 2076 p
95 1983 210 2053 oolaua
237 1977 414 2054 Omnium
443 1977 676 2054 Sanctorum.
713 1979 763 2053 Et
791 1987 923 2078 postea
951 1981 1121 2056 venimus
1146 1979 1194 2054 ad

26 2077 28 2216 i
95 2099 286 2200 demeres,
306 2112 344 2180 et
360 2107 414 2181 ibi
432 2105 734 2204 pernootauimus
754 2115 791 2180 et
809 2107 937 2183 nullus
956 2107 1094 2183 eratin
1113 2108 1193 2206 ple·

26 2219 28 2342 μ
96 2227 192 2304 banio
209 2231 364 2324 domus,
395 2231 624 2308 solummodo
653 2235 761 2309 ambo
792 2234 1091 2332 pernooteuimus
1110 2257 1193 2309 oum

96 2349 267 2452 Stephano
303 2357 510 2454 capellano.
532 2357 584 2432 ut
601 2359 712 2434 valde
742 2383 849 2435 mane
878 2362 1128 2456 surreximus,
1158 2371 1194 2435 et

95 2477 244 2578 timpona
262 2483 487 2582 pulsabatur
505 2485 544 2559 in
563 2507 700 2560 aurora
719 2485 757 2560 in
777 2488 876 2562 omni
894 2488 990 2582 loeo,
1010 2487 1074 2563 vbi
1091 2488 1193 2584 quie-

96 2615 156 2681 tem
173 2607 383 2686 habuimus.
403 2611 454 2685 Et
472 2610 557 2686 inde
576 2611 747 2688 venimus
768 2612 816 2686 ad
833 2611 948 2708 Nagh
963 2613 1066 2706 Tur,
1087 2620 1124 2687 et
1141 2614 1193 2688 ibi

26 2773 27 2784 κ
97 2739 281 2815 nausimus
310 2746 470 2836 quatuor
497 2739 588 2816 dies.
620 2739 671 2814 Et
698 2741 750 2815 ibi
781 2761 889 2836 super
909 2740 1097 2815 ciuitatem
1115 2743 1194 2816 exi·

26 2869 28 2924 l
97 2881 169 2952 gere
184 2865 329 2943 leserat
346 2867 420 2940 tria
439 2867 544 2941 milia
571 2865 808 2943 florenorum.
839 2867 889 2942 ut
907 2867 952 2942 de
970 2866 1084 2962 Nagh
1104 2865 1194 2940 Twr

98 2989 247 3068 venimus
265 2991 315 3066 ad
334 2989 650 3086 Sebastienhaza‚
672 3001 709 3066 et
727 2993 779 3068 ibi
798 2993 1110 3089 peruoelauimns.

186 3115 306 3209 Quum
334 3117 504 3194 Joanues
532 3119 642 3218 Doey
670 3118 834 3194 habebat
861 3142 972 3194 vnum
1000 3119 1132 3195 turrim
1157 3121 1195 3194 in

26 3229 27 3298 ἶ
100 3248 317 3334 possessione
335 3269 404 3323 sua
423 3246 528 3342 Zegh
549 3269 660 3321 vuum
679 3247 829 3340 turrim,
860 3254 898 3320 et
911 3249 990 3343 jam
1009 3250 1195 3343 guberna-

26 3421 27 3474 3
100 3367 153 3442 ost
176 3396 258 3471 pars
286 3373 538 3466 Fordinandi,
568 3381 606 3447 et
628 3381 709 3448 erat
733 3373 996 3472 principaliter
1014 3374 1195 3449 Nieolous

26 3479 27 3490 ¹
105 3493 217 3576 Kasos
234 3501 279 3575 de
299 3501 431 3576 Veteri
451 3499 578 3595 Beda,
600 3500 808 3598 suplicorat
834 3498 953 3595 Regia
972 3499 1195 3597 Majestatis

26 3643 27 3684 o
103 3629 135 3692 et
150 3623 284 3702 dicebat
302 3625 423 3723 Regis
443 3625 636 3723 Majestati
657 3655 665 3698 :
691 3622 874 3722 „Domine
898 3623 981 3700 Rex
999 3626 1091 3701 mihi
1109 3651 1195 3722 gra·

26 3803 27 3842 p
104 3747 198 3846 oiose,
215 3753 344 3830 forsan
363 3775 445 3828 eum
466 3753 652 3828 audierint
670 3753 1057 3852 latronespoleneiam
1071 3755 1195 3851 ample

26 3855 27 3876 ¹
106 3869 202 3969 Regio
228 3879 461 3978 majestatis,
491 3903 536 3954 ne
564 3880 660 3955 forte
687 3881 814 3976 lugam
843 3881 983 3955 dabunt
1001 3880 1047 3955 de
1064 3881 1195 3956 turrim

26 4009 28 4078 l
108 3995 221 4094 Zegh.“
236 4005 286 4080 ut
300 4013 378 4079 tom
388 4002 471 4080 Rex
480 4012 631 4106 propter
649 4003 836 4081 Joannem
845 4006 941 4081 Doei
961 4005 1196 4081 dioerohebat
1262 4025 1266 4032 ·

108 4125 145 4198 ad
158 4139 292 4225 portem
313 4131 432 4228 Zegh,
453 4137 490 4206 et
509 4138 590 4207 erat
608 4154 691 4206 oum
711 4153 755 4206 eo
774 4131 956 4207 Nicolaus
975 4153 1071 4206 unus
1090 4154 1192 4226 egre-

109 4251 175 4342 gios
190 4257 386 4356 Thelegdi.
407 4259 458 4334 Et
476 4283 559 4336 oum
578 4261 752 4336 currebat
771 4281 882 4356 super
901 4281 1017 4359 equos
1035 4261 1104 4334 sub
1117 4266 1194 4334 tur-

110 4375 162 4454 rin
184 4387 405 4484 mediatum,
434 4387 566 4486 pedem
586 4387 736 4462 deorse
756 4409 839 4462 eum
866 4385 992 4486 pixide
1011 4385 1195 4482 sagittatus

111 4515 183 4608 orel,
199 4519 233 4586 et
249 4535 367 4609 osque
385 4512 433 4586 ad
451 4513 567 4588 vitam
586 4535 692 4589 suam
711 4535 857 4609 semper
875 4511 1115 4589 olaudioarat.

195 4637 242 4714 Et
257 4639 357 4715 vnde
376 4639 545 4716 venimus
563 4637 612 4714 ad
629 4637 764 4734 Mako,
784 4647 822 4714 et
839 4639 879 4715 in
897 4638 1005 4715 domo
1024 4639 1100 4715 eiui
1118 4639 1195 4716 Va·
1276 4691 1284 4712 .

113 4751 218 4838 lentini
242 4765 363 4842 Posar
390 4765 634 4843 deseenderat
659 4763 754 4840 Rex.
781 4763 833 4841 ut
856 4765 911 4843 ibi
935 4765 1110 4952 ppeobuit
1135 4787 1195 4840 vs-

157 4899 229 4946 ·m.
250 4905 324 4946 noso.
339 4905 354 4946 ι,
