3260 5226
732 969 1066 1090 (osmundum
1094 967 1218 1076 om).

402 1173 416 1212 ²
518 1193 612 1272 Inde
624 1195 705 1294 jem
732 1213 867 1291 nempe
895 1187 1015 1268 Cesar
1039 1187 1196 1288 presens
1214 1196 1298 1265 erat
1314 1188 1353 1264 in
1369 1187 1534 1286 planicie

413 1325 684 1422 Keleweosdde.

518 1448 570 1524 Et
587 1447 737 1524 'Furens
764 1445 991 1523 Valentinus
1018 1443 1126 1521 miles
1154 1450 1329 1521 strenuus
1351 1465 1534 1542 prepare·

414 1582 522 1653 uerat
539 1595 580 1651 se
599 1597 641 1651 se
661 1595 742 1649 eum
760 1571 1037 1649 hornetissimis
1063 1570 1244 1646 militibus
1269 1569 1427 1646 famosis
1454 1569 1536 1682 suis

416 1709 454 1778 et
472 1699 670 1794 studiosis3
699 1706 737 1774 et
753 1705 932 1795 tanquam
956 1697 1140 1774 seeundus
1158 1695 1302 1774 Heetor
1320 1696 1368 1772 nd
1385 1696 1536 1772 modum

414 1829 460 1904 de
479 1825 588 1902 Bude
607 1825 725 1902 exinit
744 1825 791 1900 ed
808 1823 1050 1924 pugnandum
1076 1829 1207 1900 eontra
1225 1821 1451 1900 Germanos.
1481 1821 1535 1898 Et

418 1953 467 2030 ed
486 1953 585 2030 diota
612 1949 786 2048 (deseris,
816 1959 855 2026 et
881 1951 1147 2050 promissiones
1175 1950 1234 2027 sui
1262 1949 1537 2027 demonstraret

415 2080 593 2156 miliniam
611 2100 718 2156 suem
736 2099 851 2178 super
870 2075 1091 2173 Germanos,
1111 2076 1219 2174 qnasi
1237 2083 1319 2153 erat
1336 2097 1421 2152 oum
1431 2077 1536 2154 mille

413 2208 553 2284 milites
572 2207 723 2303 subse,
744 2211 782 2281 et
797 2207 991 2282 invaserat
1010 2205 1058 2282 ad
1077 2202 1289 2282 Germanos
1309 2211 1453 2282 eontra.
1473 2203 1534 2280 Ite

415 2333 509 2410 odeo
537 2341 619 2410 eret
644 2339 743 2410 totus
769 2333 908 2410 tinotus
927 2355 973 2410 eo
989 2332 1227 2410 nubrifiostus
1245 2355 1329 2408 eum
1347 2333 1533 2429 sangnine

415 2459 717 2539 Christianorum
745 2459 926 2560 deporto
964 2458 1261 2555 Germanorum
1293 2465 1332 2536 et
1364 2459 1420 2536 sio
1447 2481 1533 2558 pre·

414 2593 603 2665 sumtuose
632 2609 678 2662 eo
705 2585 861 2685 oooipite
898 2607 986 2662 oeoo
1014 2593 1302 2684 presenteueret
1329 2609 1370 2662 se
1399 2583 1532 2662 Ceseri

416 2719 546 2791 Zollon
569 2719 679 2791 Zele'm
698 2710 746 2816 *).
775 2713 827 2788 Et
844 2713 940 2790 dixit
957 2713 1184 2792 Valentinus
1202 2713 1359 2792 Therek
1379 2741 1388 2789 :
1411 2713 1534 2811 „Eone

415 2863 508 2936 ego,
539 2839 680 2936 Cesar,
709 2841 949 2918 eombrobeui
967 2841 1037 2917 tibi
1056 2841 1234 2918 milleium
1252 2865 1298 2917 eo
1316 2839 1531 2917 fidelitatem

415 2987 536 3041 meam
555 2988 648 3062 erga
666 2965 904 3064 Mejestetem
923 2965 1047 3041 Tuom
1071 2964 1312 3044 Oesereem.“
1344 2967 1396 3044 Et
1414 2965 1532 3044 Oeser

415 3113 498 3169 eum
518 3091 676 3170 vidisset
692 3092 732 3170 in
750 3092 897 3192 speeie,
918 3093 1017 3190 quod
1036 3101 1136 3170 esset
1153 3095 1277 3172 virilis
1295 3117 1476 3194 persons,
1496 3103 1533 3169 et

415 3218 467 3294 ibi
495 3217 614 3297 Oeser
642 3221 752 3298 valde
780 3221 987 3299 donauerat
1012 3221 1156 3321 ipsum,
1186 3247 1231 3300 ee
1253 3225 1420 3302 oseulen.
1450 3245 1530 3299 eum

416 3345 628 3424 admodum
656 3371 804 3445 eornm,
834 3355 872 3426 et
896 3349 952 3426 sie
970 3350 1005 3426 ei
1022 3352 1327 3429 rexlexeeionem
1346 3351 1385 3427 in
1404 3350 1532 3451 primis

420 3473 634 3549 ostenderet
659 3473 905 3572 benignitatis
931 3473 1096 3554 Oesoree
1125 3499 1203 3555 sue.
1233 3479 1284 3554 Et
1308 3479 1444 3556 iterum
1472 3501 1530 3552 ve-

417 3598 537 3695 niem,
571 3623 654 3676 oum
682 3623 817 3698 magno
846 3601 1032 3702 triumpho
1060 3603 1108 3680 ed
1135 3603 1279 3680 Budem
1307 3605 1531 3682 Valentinus

415 3727 547 3805 Terek
565 3749 648 3803 eum
667 3727 747 3805 suis
774 3729 1032 3828 eomitatibus3
1061 3737 1100 3806 et
1118 3731 1218 3829 quod
1236 3731 1529 3831 appropinques·

415 3861 475 3932 set
492 3853 756 3930 oonoellsrium
776 3853 1006 3954 Stephanum
1034 3857 1244 3954 veronen,
1264 3859 1319 3936 nit
1337 3859 1373 3936 ei
1391 3859 1529 3937 Velen-

418 3980 517 4056 tinus
537 4007 546 4054 ε
570 3979 716 4078 „vere
736 3987 844 4078 peter
861 3981 951 4058 mihi
969 4005 1015 4058 eo
1033 3983 1181 4061 domine
1201 3987 1449 4082 oenoellnrie,
1470 4010 1530 4061 ve·

417 4129 499 4186 rum
518 4105 666 4200 dixisti,
697 4107 793 4205 quod
820 4105 941 4186 Oeser
968 4117 1026 4188 est
1042 4113 1231 4210 perlectus
1250 4135 1295 4189 no
1313 4135 1528 4210 generosus.

417 4233 468 4310 Et
485 4233 638 4332 insuper
656 4255 716 4309 me
733 4234 931 4311 redonnuit
949 4257 1032 4312 oum
1050 4261 1203 4316 munere
1220 4241 1402 4340 precioso,
1423 4263 1528 4340 quem

417 4359 466 4437 sd
483 4359 587 4436 mille
604 4381 751 4438 merens
770 4364 942 4440 eontullit
959 4363 1063 4440 mihi.
1082 4367 1186 4444 Vere
1196 4365 1371 4466 deinoeps
1390 4369 1529 4448 seruire

417 4487 490 4564 sibi
518 4486 640 4563 volo.“
670 4483 736 4562 Ait
764 4487 978 4588 Stephanus
1007 4492 1208 4572 Verbwehi
1230 4520 1239 4568 :
1263 4489 1433 4590 „Temen
1462 4517 1528 4590 ego

418 4690 529 4702 ——
546 4685 738 4703 *h*
810 4679 815 4686 ⁷

453 4769 479 4836 ⁸)
499 4763 630 4824 Kestbbl
649 4767 704 4824 ken
723 4770 796 4828 titel
816 4773 970 4832 litorales.
