3238 5228
1085 434 1164 514 277

74 653 141 704 cum
158 628 283 705 liberis
303 626 391 720 suis,
403 627 540 701 multos
558 627 656 703 tales
676 628 714 702 in
732 637 841 704 noete
860 631 1046 710 ducebant
1063 640 1165 710 rates
1216 673 1220 680 ·

74 757 183 832 duium
209 752 394 849 Danubii,
423 761 460 827 et
487 752 573 828 fleu.
603 753 728 848 ibant,
758 754 813 830 sie
841 756 985 834 demum
1013 761 1165 858 penitus

74 906 181 958 omnes
198 883 295 958 eitra
312 879 493 974 remegati
512 885 630 954 erant.
652 879 703 954 Et
721 881 774 958 ibi
794 883 927 962 multos
946 884 1162 963 adnleseen-

73 1017 116 1084 tes
124 1006 343 1082 seduxerant
360 1001 606 1100 Christianos,
627 1011 758 1082 etmox
778 1030 903 1086 rasum
923 1009 1158 1110 naputhabe-

74 1137 156 1209 bant.
175 1133 224 1208 Et
242 1132 299 1208 sie
317 1129 591 1208 Ismaelitarum
610 1130 840 1228 vendebant3
854 1135 916 1232 qui
926 1157 994 1233 per
1012 1157 1165 1214 munera

74 1261 170 1334 multa
178 1257 414 1351 seducebant,
425 1257 490 1332 rbi
509 1280 576 1355 per
596 1255 671 1331 vim
690 1279 764 1334 num
781 1260 985 1357 potuebant
1003 1283 1136 1358 rapere
1151 1285 1160 1356 3

75 1387 123 1462 vti
139 1408 203 1484 per
221 1384 319 1461 dona
336 1404 488 1460 suarum
507 1407 580 1460 non
598 1389 818 1482 potuerant,
839 1385 891 1462 ibi
920 1386 1095 1464 sublstim
1126 1388 1165 1464 in

71 1513 206 1587 latibulo
234 1509 522 1588 abseundebant.
560 1507 623 1586 Sia
653 1507 844 1586 Ismaelite
873 1511 988 1588 aliam
1014 1519 1163 1610 gentem

73 1639 281 1732 deminuunt,
302 1637 478 1736 precipue
497 1635 745 1714 Christianus.
765 1636 849 1714 Rex
868 1637 1047 1716 Joannes.
1067 1639 1165 1738 qued

74 1767 168 1842 multa
194 1764 379 1842 horrenda
405 1787 450 1840 ae
478 1763 781 1862 nephandissima
816 1773 1061 1864 peragerent,
1098 1789 1166 1862 per

77 1893 235 1988 epistulas
253 1885 548 1990 suaspreeepi(t)
560 1890 627 1984 sis,
638 1897 679 1964 vt
688 1892 767 1988 jam
786 1889 891 1968 iremd
911 1889 959 1967 sd
976 1890 1166 1980 Tureiam,

75 2019 240 2117 quiajam
269 2017 450 2096 Germani
480 2017 672 2095 desistunt.
700 2018 750 2094 Et
774 2017 828 2095 sie
857 2025 1101 2118 perrexerunt
1119 2017 1167 2092 ad

75 2143 222 2242 Regnum
240 2167 366 2223 eornm
394 2146 513 2222 eniam
544 2167 627 2220 eum
657 2167 795 2241 magna
821 2145 965 2221 astucia
982 2145 1082 2243 ipsus
1100 2141 1164 2217 vix

72 2277 220 2364 poterant
237 2271 432 2369 repellere.

157 2393 230 2472 Sed
249 2395 472 2473 Valentinus
491 2394 643 2472 Turnus
662 2395 863 2494 perterrire
880 2397 1040 2491 fenerat,
1071 2392 1167 2495 quod

73 2523 166 2598 mmel
192 2523 326 2600 multos
353 2546 421 2621 per
447 2516 509 2622 fill
545 2522 682 2599 milites
718 2543 807 2600 suos
835 2529 1092 2622 prostrauerat
1118 2517 1166 2596 ad

72 2641 197 2723 teurum.
224 2647 269 2724 In
288 2655 351 2723 tm.
373 2649 456 2724 Deo
475 2647 699 2745 adjuvaute,
726 2648 824 2748 quod
850 2648 998 2747 publiea
1017 2673 1061 2726 aa
1081 2673 1166 2748 pro·

72 2773 150 2850 rime
174 2776 342 2874 ipsorum
379 2775 628 2853 debellabant
664 2799 727 2852 eos
756 2775 853 2852 omni
883 2774 961 2870 die,
991 2783 1029 2850 et
1054 2797 1166 2873 quum

72 2897 221 2977 viderunt
246 2903 414 2980 latrones
448 2900 587 2998 pagani
625 2899 801 2978 devineos
829 2899 874 2977 de
902 2899 962 2977 die
988 2900 1027 2977 in
1054 2900 1163 2994 diem,

71 3031 265 3104 terruerunt
274 3051 358 3106 sese
377 3027 479 3105 etsie
489 3048 619 3105 omnes
636 3027 765 3124 fugam
784 3027 964 3104 dederunt
981 3048 1163 3104 seorsum.

73 3148 110 3222 Et
125 3151 191 3229 iste
214 3152 437 3230 Valentinus
457 3151 604 3228 'luteus
618 3151 717 3227 ‘dnm
735 3153 891 3230 tenebat
908 3159 1053 3251 partem
1073 3150 1163 3226 Fer·

71 3273 222 3374 dinaudi,
252 3279 451 3356 maximam
477 3279 663 3356 fortunam
691 3278 854 3356 habebat
873 3299 985 3378 super
1004 3277 1164 3372 Turnus,
1197 3295 1200 3302 ·

71 3407 225 3500 tunquam
244 3405 400 3482 eandam
419 3403 600 3502 Stephani
620 3403 745 3480 Bardi.
767 3401 936 3501 Cumque
954 3404 1100 3480 demum
1119 3401 1166 3476 ad

72 3535 193 3620 partem
211 3531 373 3609 Joannis
392 3531 511 3628 Regis
537 3537 712 3626 steterat,
743 3554 829 3607 mox
858 3537 993 3608 cuneta
1018 3529 1168 3604 forturm

71 3671 123 3727 sua
139 3659 282 3754 abjecta
308 3657 379 3732 tuit
397 3659 445 3734 ab
464 3657 559 3754 ipso.
590 3656 640 3734 Et
669 3656 814 3733 demum
843 3679 911 3756 per
929 3655 1077 3732 Turnus
1096 3655 1164 3730 ab·

71 3775 151 3858 istus
177 3784 299 3862 fuerat
325 3785 363 3861 iu
390 3783 541 3860 metallo
569 3784 716 3860 vinetus
745 3783 982 3877 constiterat,
1002 3788 1040 3856 et
1057 3781 1167 3856 vinus

71 3901 100 3976 in
115 3903 283 3984 Tureiam
302 3908 481 3985 deduntus
502 3917 595 3986 erat.

157 4031 207 4108 Et
224 4033 288 4109 isti
305 4032 445 4132 pagani
462 4033 607 4131 integre
626 4041 705 4110 tres
724 4057 843 4112 annos
861 4033 1165 4132 perseuerabant.

73 4149 109 4226 Et
132 4157 210 4234 Rex
237 4159 291 4234 ita
320 4158 514 4236 admodum
545 4161 584 4236 in
613 4160 912 4240 Traussilwania
939 4160 1025 4259 plus
1054 4179 1165 4256 quam

72 4283 132 4356 tres
148 4307 262 4360 annos
280 4285 333 4362 ibi
352 4294 550 4375 manserat,
572 4295 712 4386 etpost
731 4293 907 4383 quattuor
925 4305 1053 4378 antuus,
1076 4281 1160 4358 dnm

73 4407 262 4486 scribebant
281 4433 377 4486 auno
399 4409 516 4488 1535.
