3260 5226
1166 487 1252 585 ddi

129 731 206 788 suo
225 703 418 784 animabat
435 703 575 780 milites
592 725 639 781 ao
655 710 851 801 utramque
863 710 1014 801 gentem
1029 703 1253 802 adpugnar-

130 837 225 912 dum
253 839 382 910 oontn
409 831 598 908 ettnioos:
631 830 809 929 „Fratres
837 829 1102 927 amantissimi,
1130 831 1253 908 subito

131 963 278 1040 murus
296 961 336 1036 in
355 937 450 1036 oena
467 959 557 1056 agni
574 958 740 1058 pascalis
766 981 850 1037 eum
873 981 919 1036 eo
930 961 964 1056 ;“
994 967 1129 1058 postea
1144 979 1254 1037 reuo-

131 1093 301 1183 oauerat,
312 1091 351 1162 et
368 1085 602 1163 confortabat
616 1108 682 1163 eoa
691 1085 833 1162 milites
850 1085 890 1162 in
907 1084 1149 1162 oonfliooione
1167 1106 1252 1186 pro-

128 1213 370 1313 speritatum.
389 1209 550 1304 Quidam
568 1211 753 1308 ridebant,
773 1209 1116 1309 quidamautemad
1127 1213 1255 1310 joonm

131 1361 212 1418 non
241 1339 488 1440 aeeipiebant.
516 1335 606 1416 Jam
633 1337 680 1418 de
706 1338 805 1416 dicto
832 1338 940 1436 opido
958 1337 1084 1414 Batha
1100 1339 1253 1416 deseen-

130 1465 244 1543 derat
269 1463 353 1543 Rex
371 1463 487 1544 Lodo.
516 1487 600 1542 eum
627 1466 793 1542 exercitu
819 1487 888 1542 suo
913 1464 1082 1566 proxime
1101 1466 1254 1566 opidulo

132 1591 322 1690 Mohaeh,
349 1593 390 1670 in
407 1615 539 1692 eampo
567 1600 693 1670 eastra
719 1599 882 1670 metatus
900 1600 969 1670 est.
999 1592 1052 1668 Et
1069 1593 1169 1690 quod
1187 1615 1253 1669 au·

133 1717 255 1798 disset
282 1717 404 1798 Cesar
433 1717 570 1796 Zoltan
588 1719 780 1817 Zeliman,
808 1743 895 1796 mox
922 1719 1041 1796 oreuit
1058 1743 1100 1797 se
1118 1720 1254 1798 adner-

132 1867 219 1922 aum
238 1845 384 1944 Regem
400 1843 542 1943 Lodo.,
562 1853 601 1923 et
618 1847 708 1924 ilieo
726 1847 945 1948 inceperunt
953 1853 1132 1946 extraque
1146 1855 1254 1948 parte

134 1973 322 2070 pugillum
349 1973 439 2050 dare
456 1973 558 2050 inter
574 1996 618 2050 se
634 1973 675 2049 in
692 1973 766 2050 duo
785 1973 1029 2051 ebdomadam
1055 1975 1251 2072 integram.

133 2095 188 2174 Et
204 2121 320 2199 super
348 2097 578 2178 Christiania
596 2123 665 2200 per
693 2101 814 2180 Deum
842 2099 1002 2177 dabatur
1028 2103 1253 2202 triumphum

135 2225 408 2324 eatheruatim3
429 2234 467 2302 et
484 2225 660 2304 dixerunt
677 2225 810 2306 Geaari
827 2248 984 2304 rauoore
1002 2231 1118 2306 verbo
1137 2228 1253 2306 Turni

134 2351 252 2430 basse
270 2381 280 2430 τ
304 2349 439 2450 „Quod
456 2351 489 2430 si
508 2353 745 2450 integraliter
762 2375 927 2452 pugnam
945 2377 1018 2429 non
1036 2355 1165 2434 demus
1183 2357 1251 2455 eis,

135 2499 184 2554 er
203 2479 342 2556 nostris
359 2478 470 2579 pauoi
498 2479 704 2558 residemus
731 2480 856 2558 statim
875 2481 921 2556 de
939 2479 1112 2559 'lluroisfl
1144 2479 1253 2575 Quod

136 2605 296 2684 audiens
323 2604 444 2685 Cesar
470 2605 699 2704 Turdorum,
734 2631 818 2684 mox
846 2608 930 2692 alea
956 2629 1026 2684 aua
1052 2609 1253 2686 extendere

136 2733 227 2811 ieoit
245 2755 327 2809 eum
344 2731 575 2811 Ismaelitioa
592 2741 705 2831 gente
714 2757 783 2810 sna
792 2755 904 2832 qnam
919 2733 968 2808 ad
983 2734 1059 2810 tria
1076 2733 1251 2833 miliaria,

137 2867 176 2934 et
203 2883 251 2937 ex
276 2867 435 2958 utraque
462 2867 569 2960 parte
596 2859 755 2960 pagani,
784 2869 822 2936 et
849 2859 1055 2938 Christiani
1072 2867 1254 2938 steterunt

136 2986 236 3062 faeie
255 2985 304 3062 ed
321 2988 455 3064 faeiem
474 2987 523 3064 ad
539 3009 717 3087 pugnam.
745 2987 796 3062 Et
813 2988 852 3062 in
870 2994 1004 3084 quarta
1020 2987 1117 3065 ferie
1135 2989 1174 3063 in
1192 2989 1252 3066 die

137 3111 301 3191 Joannia
327 3115 593 3193 Deoolaoionis
628 3113 801 3215 Baptiste
826 3122 914 3214 post
939 3113 1070 3191 horam
1097 3114 1250 3192 tereiam

138 3239 394 3318 meridionalis
419 3241 607 3320 irruerunt
623 3241 662 3317 in
681 3241 909 3340 oonflietum,
929 3249 968 3317 et
983 3241 1035 3319 ibi
1053 3244 1250 3342 preualue-

136 3373 224 3442 runt
241 3365 463 3465 Hungaram
481 3375 629 3466 gentem
648 3367 853 3444 Ismaelite.
872 3367 923 3442 Et
939 3368 1038 3465 qnod
1057 3368 1149 3444 vidit
1167 3369 1250 3445 Rex

136 3489 256 3571 Lodo.
284 3495 529 3594 prophetauit
556 3495 714 3572 dioens:
748 3496 852 3594 ,Vos
875 3494 988 3572 Seitie
1014 3517 1153 3594 genua,
1182 3519 1250 3595 pu·

137 3627 253 3716 gnate
269 3621 432 3700 viriliter
448 3622 523 3701 ista
540 3623 645 3719 viee3
674 3623 855 3720 quoniam·
874 3630 1027 3700 actenus
1044 3644 1119 3700 non
1137 3621 1250 3700 hobe-

136 3747 226 3826 bitis
244 3745 415 3847 Regnum
434 3749 712 3846 Hungarorum.
737 3749 821 3847 Ego
838 3771 995 3850 nemppe
1012 3749 1073 3826 hio
1091 3751 1250 3846 moriar3

138 3873 185 3952 de
210 3875 285 3962 hae
311 3877 372 3953 die
398 3875 542 3952 Budam
570 3875 769 3974 negligam
781 3877 925 3954 visibus
943 3877 1072 3954 meis.“
1102 3877 1153 3952 Et
1170 3883 1252 3953 erat

135 4001 397 4102 principaliter
423 4003 517 4080 belli
544 4001 675 4080 duotor
707 4001 897 4100 Georgius
924 4003 1184 4104 Zepnaiensia,
1213 4011 1251 4080 ot

137 4151 220 4206 oum
238 4150 284 4205 eo
302 4127 446 4206 Paulus
464 4127 656 4225 Thomori,
676 4128 738 4228 qui
757 4137 839 4206 erat
855 4129 1160 4230 arehiepiseopus
1175 4129 1248 4205 Ba·

136 4253 321 4352 chiensis,
347 4263 386 4332 et
412 4263 495 4333 erat
508 4257 588 4354 jam
606 4257 646 4332 iu
665 4255 796 4332 saeris.
825 4251 877 4332 Et
895 4257 962 4356 alij
982 4257 1179 4356 optimates
1194 4255 1248 4340 ssei

136 4381 246 4458 multi
271 4403 339 4480 per
366 4403 471 4458 arma
496 4380 669 4460 hostibus
696 4382 876 4481 prostrati
900 4389 1008 4459 erant
1026 4383 1074 4460 ed
1091 4389 1248 4478 terram;

137 4515 175 4586 et
192 4505 335 4606 Regem
363 4505 481 4585 Lodo.
510 4507 573 4588 isti
600 4507 673 4586 duo
700 4507 859 4608 predioti
885 4509 1067 4586 barrones
1093 4510 1190 4587 iuter
1207 4533 1249 4586 se

136 4633 242 4734 ipsos
261 4641 506 4734 aeceperunt,
536 4641 574 4711 et
591 4635 775 4712 duxerant
800 4633 955 4735 paoifiee
974 4633 1116 4734 Regem
1134 4635 1249 4714 Lodo.

137 4761 236 4842 eitra
252 4761 443 4873 palludem
467 4759 599 4840 Chele.
627 4761 678 4838 Et
694 4771 937 4862 portauerant
954 4761 1094 4864 Regem
1113 4765 1161 4840 ad
1178 4765 1249 4844 vil·
