3226 5220
108 676 194 748 eum,
212 654 384 751 quidnam
409 653 577 730 dicerent
595 653 641 728 de
660 653 742 752 ipso
761 653 868 748 Rege
887 649 1027 729 Joauni
1045 655 1085 728 in
1105 651 1209 732 Hu-

17 813 18 836 c
107 781 204 876 atriu
227 787 357 880 partes
384 779 672 858 Germanorum.
715 778 824 854 Dixit
851 777 908 852 vir
934 773 1038 854 ille:
1072 777 1212 876 „Vera

17 973 18 986 r
106 905 242 982 domine
272 907 323 982 mi
350 905 525 1003 macinae
552 901 656 1000 Rex,
694 903 822 980 audiui
859 903 1042 980 dicentem
1071 907 1120 988 ab
1147 929 1212 984 ore

106 1032 215 1130 ipaiua
233 1031 421 1132 Stephani
440 1031 569 1127 Bator,
590 1031 688 1130 quod
706 1029 1046 1129 JoannaaZapulai
1065 1031 1114 1108 ad
1132 1041 1211 1120 ata-

16 1205 17 1260 ;
106 1159 194 1236 dium
210 1159 512 1237 iuitadatudium
532 1157 669 1254 collegi
689 1156 969 1234 Oracouienaia.
990 1157 1043 1234 lit
1058 1159 1212 1260 insuper

16 1347 17 1354 r
106 1285 350 1364 abbominauit
377 1287 504 1364 vinum
533 1281 848 1381 Hungaricalcm,
876 1283 944 1360 aed
961 1284 1095 1364 metim
1113 1284 1211 1364 deai-

16 1443 17 1446 *
107 1411 239 1490 derauit
256 1413 386 1490 bibere
415 1413 636 1490 cerauiaiam
653 1434 763 1508 quam
783 1411 947 1488 tinum.“
979 1409 1090 1488 Dixit
1107 1409 1210 1496 Rex:

111 1540 222 1636 „Veni
249 1541 299 1618 ad
325 1537 490 1620 atudium
516 1538 794 1633 Oracouienoa3
817 1540 895 1636 jam
928 1546 986 1614 tot
1010 1539 1210 1616 edendam

108 1667 227 1764 rapui,
247 1667 348 1766 quod
366 1689 519 1765 poenum
537 1667 677 1742 intrare
705 1685 851 1744 rursum
876 1663 925 1742 ad
944 1663 1086 1742 Budam
1105 1663 1211 1744 Hun-

106 1813 272 1885 garorum
290 1817 360 1891 per
378 1799 497 1870 artem
516 1815 652 1888 meam3
672 1795 795 1890 etjam
804 1797 976 1889 quartam
986 1789 1210 1876 cheruialam

107 1918 253 2015 perbibi,
275 1920 380 1996 ieeea
399 1941 528 1996 earum
548 1920 636 1994 volo
654 1920 723 1996 aub
742 1918 798 1994 cio
816 1919 992 2016 poneres*

202 2044 357 2122 Interim
397 2045 499 2122 venit
526 2045 702 2136 lacobus,
721 2044 891 2143 Thornaj
920 2045 969 2120 ad
996 2045 1210 2124 'I'barnowo

108 2169 148 2244 ad
163 2170 348 2252 loannem
366 2171 530 2268 Regem,
550 2171 613 2268 qui
634 2170 783 2265 adquae
812 2192 999 2267 expensae
1026 2171 1210 2266 portauit·

108 2305 157 2370 ret
174 2295 290 2394 Regi,
312 2299 378 2374 aed
398 2297 594 2374 modicum.

201 2421 391 2500 Interdum
409 2425 788 2500 veneratvnuealbua
807 2421 1010 2498 monachus
1030 2423 1211 2500 heremita

107 2552 203 2644 quati
222 2557 419 2630 scrutator.
447 2550 593 2650 incepit
620 2550 778 2646 diligere
807 2550 889 2626 Rex
917 2549 1097 2628 Joanuee.
1119 2549 1209 2631 Dixi

15 2749 16 2768 ,
107 2697 167 2770 ego
194 2679 436 2756 cubiculariis
465 2709 474 2752 :
508 2679 614 2776 „Ego
642 2679 776 2773 miror,
805 2677 904 2774 quod
931 2675 1013 2752 Rex
1041 2677 1210 2756 Joanuea

15 2849 16 2864 ι
108 2825 271 2900 magnum
290 2807 463 2904 peccauit
481 2813 610 2884 contra
627 2806 726 2882 talea
744 2804 942 2900 religiosos
956 2801 1208 2900 juxtaLadon

15 2959 16 2984 r
108 2927 308 3026 claustrum,
329 2925 443 3028 quu'm
460 2931 621 3008 fixerare
640 2939 860 3030 preceperat
875 2929 922 3006 ud
937 2937 1091 3006 mortem
1109 2929 1209 3006 Lau·

108 3057 258 3134 rcnoium
277 3057 510 3134 heremitam.
531 3059 760 3151 vererere,
791 3057 888 3154 quod
908 3056 998 3132 mihi
1017 3057 1208 3134 couscien-

109 3180 157 3256 cia
181 3185 324 3262 mordet
353 3185 466 3280 milri,
496 3185 593 3282 quod
611 3185 683 3262 iate
703 3184 906 3260 monachus
935 3183 1045 3260 albus
1064 3183 1208 3262 demum

110 3327 170 3382 uon
196 3311 425 3388 refocillaret
453 3311 644 3424 viudiooae
678 3317 835 3388 mortem
862 3310 991 3386 iratrio
1019 3311 1077 3388 aui
1101 3313 1209 3408 juxta

109 3433 298 3514 claustrum
317 3438 484 3516 Ladou.“
517 3437 744 3514 Franciacua
772 3437 931 3516 Kereoei
958 3437 1114 3514 audiena
1140 3437 1209 3514 bec

110 3563 210 3640 verta
227 3589 331 3641 mea:
355 3565 457 3660 „Sile
477 3573 516 3640 tu
536 3573 654 3663 pater,
674 3563 810 3660 quidtu
822 3565 914 3658 scie3
934 3565 1108 3660 quoniam
1127 3565 1209 3664 ipae

15 3713 16 3728 ¹
110 3692 299 3768 nonachus
318 3692 391 3767 init
409 3691 527 3770 huaar
545 3700 711 3791 tempore
731 3691 931 3767 vaiuodatu
950 3712 1031 3786 auo,
1042 3711 1124 3766 cum
1142 3712 1209 3773 aex

15 3915 16 3918 Ν
109 3817 200 3908 equit
217 3841 286 3896 aex
304 3818 414 3894 annio
432 3818 589 3896 aeruinit
606 3819 677 3894 ei.“
709 3819 792 3912 Ego
811 3816 888 3892 dixi
909 3845 917 3890 :
943 3816 1011 3912 „ln
1030 3817 1097 3894 illo
1117 3824 1208 3894 tem-

109 3959 186 4031 pore
213 3945 282 4020 luit
309 3943 433 4020 fidelia
460 3943 661 4022 secuudum
681 3965 782 4018 more
802 3943 1124 4036 meritantaribua,
1154 3951 1209 4018 at·

15 4083 16 4086 ‘
110 4075 218 4148 tanen
247 4094 345 4146 nuno
373 4079 430 4146 eut
457 4071 649 4170 profereus
669 4070 707 4145 in
726 4069 907 4164 religione
935 4090 1085 4144 suenum
1112 4069 1209 4144 inter

15 4301 16 4306 Ν
111 4189 396 4276 heremitarum.“
428 4198 537 4276 Tunc
555 4198 626 4276 hec
645 4219 727 4274 mea
745 4197 956 4296 disputacio
974 4203 1153 4274 sonuerat
1170 4195 1209 4272 in

111 4321 397 4422 mutuaberis.
417 4325 566 4402 llxtunc
582 4324 636 4402 ita
655 4329 844 4402 icruenter
862 4323 1014 4400 nolebat
1032 4321 1116 4398 Rex
1129 4323 1207 4420 jan

111 4463 179 4526 tum
205 4475 249 4530 eo
277 4452 428 4532 aaeidue
456 4453 694 4554 parabolare.
737 4451 857 4530 Video
880 4453 960 4549 jam
988 4447 1208 4526 monachum

111 4576 291 4670 eruntne
318 4579 461 4676 grande
489 4579 699 4678 suspiran3
728 4601 785 4654 me
813 4585 957 4654 secrete
984 4577 1022 4650 irr
1052 4598 1128 4650 vno
1147 4597 1208 4650 cn-

113 4691 219 4782 biroto
247 4707 424 4782 inuitauit
451 4729 494 4780 ao
524 4706 694 4804 rogauit.
729 4704 817 4801 quid
845 4703 1097 4882 deberetljbam
1128 4701 1208 4798 ipre
