3248 5210
1154 455 1229 533 119

134 663 244 734 conta
261 679 303 732 se
322 657 439 757 ipsos.
471 654 660 754 Quidquid
678 677 749 751 ego
768 661 1016 754 porrexerunt
1033 654 1229 753 predeces-

132 807 221 862 sores
246 785 367 861 nostri
395 785 604 862 'Parcarum
633 805 807 878 munera,
829 788 866 857 et
884 805 955 878 ego
974 784 1023 859 ad
1041 782 1230 860 hortorem

131 912 295 1011 prophete
323 910 552 988 Makwmeto
580 917 728 1004 nostro,
770 915 808 984 et
844 930 914 1003 ego
942 909 1036 984 talia
1064 909 1230 986 diciones

131 1038 378 1134 decreuissem,
398 1061 483 1114 mox
502 1037 781 1114 interfecissent
799 1059 857 1110 me
876 1041 976 1112 totns
990 1036 1112 1132 wlgns
1131 1036 1229 1112 Tur·

132 1186 254 1240 earnm.
285 1161 362 1240 Sed
375 1165 454 1262 jam
472 1165 595 1240 tucius
614 1164 807 1260 accedam,
836 1163 925 1260 qnia
947 1165 1028 1260 jam
1055 1162 1229 1240 obtinebo

131 1291 309 1368 victoriam
328 1312 443 1390 super
461 1289 702 1388 Hungeros.“
725 1291 825 1365 Eece
836 1289 924 1388 qnid
943 1289 1091 1368 dicebat
1109 1288 1230 1367 Cesar

132 1417 325 1493 Tuscorum
345 1444 354 1490 :
379 1416 501 1512 „Volo
520 1416 723 1492 vindictam
741 1415 884 1491 wlcisci
902 1437 1038 1511 magno
1047 1415 1230 1516 prophete

22 1597 23 1630 p
131 1544 225 1638 iesu,
245 1541 345 1640 qnod
362 1550 439 1618 tam
457 1543 700 1639 ignominiam
718 1544 887 1618 recerunt
905 1543 1104 1618 maximam
1123 1542 1229 1619 Hnn-

131 1672 201 1766 gari
218 1693 330 1769 snper
348 1667 707 1768 Izapehemferbek,
734 1669 798 1765 qni
818 1669 951 1746 dicitnr
970 1667 1164 1766 Christus,
1193 1677 1231 1744 et

133 1804 243 1874 noster
270 1794 456 1895 propheta
483 1795 672 1872 Macnmet
699 1795 885 1872 honorare
912 1797 1083 1895 precepit
1109 1797 1229 1892 nobis,

21 1997 22 2002 e
133 1924 207 2020 qnia
223 1922 409 2023 propheta
427 1929 501 2018 est,
522 1929 559 1998 et
576 1945 651 1998 non
670 1923 879 2000 estsimilis
898 1923 969 1999 ei.“

222 2044 268 2104 ³⁵·
279 2045 321 2152 pv.
333 2047 455 2141 Quum
461 2051 541 2148 jam
550 2050 998 2149 vtriusqnepecnliaritar
1017 2057 1228 2128 castrame-

131 2177 189 2251 tati
202 2182 306 2252 erent
323 2175 372 2252 ad
389 2175 536 2272 faciem,
557 2177 705 2253 Torone
725 2175 845 2254 Cesar
855 2184 892 2253 et
901 2177 984 2254 Rex
1004 2173 1229 2272 Lunensem,

126 2301 262 2398 jnoenis
281 2307 364 2378 erat
381 2302 489 2399 qnasi
509 2303 591 2379 onis
609 2302 741 2379 ductus
758 2303 1040 2400 edmaotellum,
1060 2304 1232 2380 incautos

130 2435 162 2502 et
176 2427 442 2504 inexeroioiens
461 2427 510 2502 sd
526 2428 791 2505 bellicandum.

225 2551 269 2628 In
298 2576 429 2652 campo
458 2553 621 2631 Mohaoh
648 2557 735 2656 plns
763 2579 875 2654 quam
892 2580 968 2632 vna
986 2577 1114 2632 mense
1128 2557 1231 2652 jaee-

128 2680 211 2754 bant
227 2685 383 2777 vtraqne
410 2687 551 2779 partes.
581 2679 659 2757 Sed
684 2705 844 2782 nemppe
863 2683 902 2758 in
921 2687 1033 2758 barat
1052 2681 1151 2756 omni
1171 2679 1232 2757 die

129 2807 344 2882 exercebant
362 2805 536 2904 Hnngari
562 2809 699 2884 bellica
728 2809 896 2885 studiosa
914 2813 952 2883 et
969 2829 1117 2906 semper
1135 2807 1231 2904 opti·

128 2933 256 3008 nebant
283 2931 458 3030 Hungari
485 2956 685 3034 pauperes.
715 2936 877 3012 Dicebat
895 2935 978 3010 Rex
996 2933 1231 3012 Ludonicus:

132 3057 280 3153 „Statim
309 3055 496 3162 (mittatis)
523 3069 610 3161 post
636 3062 663 3140 J
665 3085 823 3138 oannem
850 3061 1071 3158 vainodam3
1090 3061 1232 3155 veniet,

128 3186 293 3280 qnoniam
317 3186 427 3263 video
455 3211 540 3264 esse
567 3211 704 3286 magna
733 3189 884 3286 agmina
913 3187 1068 3266 Cesaris
1087 3187 1232 3265 'Porce-

130 3334 214 3406 mm,
233 3335 303 3389 nos
321 3313 469 3410 quidem
488 3315 635 3413 pauoi.“
649 3315 837 3394 Dicebant
855 3323 1049 3414 magnates
1068 3343 1077 3390 ε
1102 3313 1234 3413 „Sere-

20 3537 21 3544 Ν
129 3437 274 3515 nissime
292 3437 398 3536 Rex,
418 3462 465 3516 ne
485 3441 614 3516 veniat
632 3441 699 3519 ille
717 3433 906 3541 proditor,
927 3443 1016 3540 qnia
1033 3442 1234 3518 timendum

20 3549 21 3554 Ν
129 3571 179 3640 est
196 3567 243 3640 ab
262 3587 307 3640 eo
336 3565 457 3662 Regio
485 3565 677 3666 Majestnti
705 3575 743 3644 et
770 3569 879 3646 nobis
903 3569 1101 3646 vniuersis.
1130 3567 1234 3644 Idem
1277 3573 1283 3591 ¹

20 3739 21 3756 o
130 3697 179 3767 est
204 3693 381 3769 exclusus
409 3693 454 3768 de
482 3695 670 3772 consortio
698 3697 862 3772 nostro.“
903 3694 1065 3774 Astabat
1098 3696 1235 3772 Petrns

20 3883 21 3892 s
131 3813 260 3894 Korlot
277 3841 404 3896 coram
423 3819 529 3917 Rege
548 3824 619 3899 sub
637 3823 820 3918 tentorio,
841 3823 1052 3922 applicabat
1069 3829 1108 3898 et
1126 3823 1232 3900 obse-

130 3945 250 4020 nabat
268 3969 292 4020 a
311 3945 418 4043 Rege
437 3947 638 4046 Majestate
666 3972 790 4025 arcem
809 3949 1034 4026 Tronohien.
1055 3971 1138 4024 cum
1155 3953 1235 4023 tota

20 4097 21 4106 ¹
130 4071 359 4164 possessione
377 4095 467 4169 ωας
496 4080 534 4149 et
560 4074 627 4150 alii
655 4075 801 4152 nobiles
829 4075 1001 4152 similiter
1018 4097 1086 4172 per
1104 4072 1234 4148 infide·

131 4191 262 4272 litatem
291 4220 409 4274 snam.
439 4197 505 4274 Ait
532 4200 617 4276 Rex
644 4199 890 4278 Ludonicus:
924 4199 1048 4300 „Quid
1075 4199 1232 4295 rogatis,

132 4317 172 4394 td
189 4323 275 4419 qnid
293 4325 439 4424 petitis,
459 4327 599 4424 nescis,
621 4328 719 4427 qnod
737 4353 783 4406 ne
801 4330 898 4408 forte
917 4329 1016 4405 alins
1035 4326 1107 4404 erit
1123 4323 1236 4403 heres

132 4441 353 4546 Hungarie.“
376 4451 428 4528 Et
455 4453 628 4530 dixerunt
646 4455 695 4531 ad
713 4455 858 4553 Regem
882 4454 1044 4530 iterum:
1068 4451 1151 4548 „Ne
1169 4450 1235 4528 dn-

131 4567 232 4670 bitet,
260 4598 381 4676 neque
399 4578 540 4657 hesitst
558 4583 700 4660 Vestra
718 4581 920 4682 Majestss,
947 4579 1038 4677 quia
1055 4579 1161 4656 Deus
1179 4579 1234 4655 al·

132 4693 288 4780 &simne
306 4705 415 4782 nobis
443 4705 546 4784 dedit
567 4711 647 4808 jam
675 4710 785 4788 istam
814 4707 1032 4804 victoriam,
1052 4705 1235 4804 quiajam
