3260 5226
357 561 435 640 396

354 760 537 838 commisit
555 761 610 840 eis
630 764 754 840 iacere
783 764 1000 862 quicquam,
1030 764 1118 860 quia
1147 765 1269 840 adhue
1296 763 1468 864 Hungari

353 889 439 988 p'lus
469 911 580 986 quam
608 889 681 966 duo
709 891 815 966 milia
842 890 1006 967 virorum
1033 889 1224 969 habebant
1247 892 1286 968 iu
1305 892 1465 969 ciuitate.

351 1013 402 1090 Et
419 1016 524 1090 venit
540 1016 637 1092 intro
657 1015 777 1093 Cesar
794 1017 835 1092 in
854 1018 950 1092 festo
970 1017 1134 1095 Vincula
1152 1017 1277 1112 Petri3
1303 1025 1341 1093 et
1369 1021 1467 1098 ciues

352 1142 577 1220 offertorium
605 1143 870 1221 ordinauerant
887 1145 979 1240 sibi,
1010 1151 1046 1221 et
1075 1145 1305 1222 obtullerunt
1323 1147 1359 1222 ei
1379 1169 1467 1224 ones

352 1275 389 1346 et
406 1272 522 1347 boues
541 1271 589 1346 ad
608 1293 773 1348 mensam
792 1293 909 1368 suam,
929 1278 968 1347 et
986 1271 1106 1349 Cesar
1124 1295 1205 1348 cum
1225 1273 1367 1350 honore
1386 1297 1466 1351 sus·

350 1397 451 1498 oepit
478 1421 543 1475 eos
562 1397 663 1475 ciues
683 1405 720 1474 et
744 1398 969 1476 sacerdotes.
1001 1399 1188 1498 Precipue
1215 1399 1468 1477 sacerdotibus

352 1527 533 1604 commisit
556 1551 601 1604 ac
627 1529 814 1625 precepit,
845 1533 886 1602 vt
913 1525 1034 1603 Deum
1062 1535 1170 1604 orent
1197 1527 1257 1602 die
1285 1536 1467 1626 noctuque

351 1675 418 1750 pro
438 1653 564 1728 anima
582 1653 721 1750 ipsius,
743 1659 780 1728 et
802 1676 870 1752 pro
891 1653 1016 1728 anima
1044 1654 1071 1732 J
1073 1653 1205 1730 oannis
1224 1653 1356 1752 Regis.
1386 1653 1466 1731 Hec

353 1779 522 1873 audien,
552 1777 614 1878 qui
634 1785 741 1854 erant
758 1779 875 1855 Turci
903 1779 1077 1876 Hungari
1105 1780 1288 1875 riserunt,
1308 1789 1347 1856 et
1365 1781 1464 1856 dire-

351 1911 437 1980 runt
463 1902 615 1981 Cesaris
643 1932 652 1978 :
686 1906 831 2002 „Vere‚
861 1905 1008 1982 domine
1036 1904 1176 2000 Cesar,
1206 1899 1283 1982 non
1311 1909 1462 1984 multum

323 2084 326 2098 ·
351 2031 424 2132 ipsi
439 2033 518 2130 jam
537 2029 694 2106 adorant
711 2031 845 2128 Deum,
867 2031 1174 2130 quiaLutteriani
1193 2033 1315 2109 sunt.“
1343 2031 1463 2131 „Quo-

351 2158 478 2254 modo,
498 2157 551 2234 ait
568 2155 708 2255 Cesar,
737 2157 852 2236 habet
878 2158 1024 2234 fidem.“
1055 2157 1106 2234 Et
1124 2182 1145 2234 e
1164 2181 1347 2236 conuerso
1366 2159 1466 2237 dire-

352 2293 440 2364 runt
459 2313 467 2360 :
492 2285 666 2383 ,Negant
679 2285 894 2383 jejunium,
925 2309 1071 2362 sacram
1091 2286 1334 2362 elemosinam
1353 2293 1391 2361 et
1408 2311 1466 2362 sa·

352 2412 532 2489 orificium
549 2411 588 2486 in
607 2411 844 2488 oracionibus
863 2411 978 2488 suis.“
1002 2413 1123 2488 Erant
1142 2434 1268 2488 coram
1288 2410 1465 2489 Cesarem

351 2546 494 2640 septem
513 2537 730 2615 sacerdotes
748 2543 891 2632 astan.;
912 2543 950 2612 et
967 2536 1080 2613 valde
1099 2535 1177 2613 Sua
1196 2537 1378 2636 Majestas
1398 2537 1467 2616 (le-

351 2691 415 2744 sar
433 2667 589 2744 scitatus
617 2671 699 2742 erat
717 2664 762 2739 de
780 2663 852 2739 fide
872 2671 1001 2742 nostra
1020 2661 1236 2760 Catholica3
1258 2671 1296 2739 et
1314 2663 1466 2761 singila-

351 2796 418 2871 tim
437 2793 695 2888 interrogabat
712 2814 795 2886 eos,
826 2791 976 2888 quidam
1004 2798 1069 2866 ant
1096 2791 1171 2866 alio
1191 2791 1297 2868 modo
1323 2791 1469 2888 qnidam

350 2925 457 3000 bene.
496 2920 591 2997 Erat
617 2942 713 2994 vnus
741 2941 857 2995 senex
884 2917 1082 3013 sacerdos,
1116 2919 1233 3014 bene,
1262 2917 1469 2995 rectificare

351 3055 503 3148 ceperat
521 3069 648 3123 coram
667 3043 809 3123 Oesare
829 3049 959 3122 Zattara
975 3049 1087 3122 Zeton
1106 3043 1153 3148 ⁸).
1184 3043 1303 3141 Quia,
1333 3045 1470 3122 fratres

351 3177 424 3254 mei
443 3172 640 3268 carissiini,
660 3172 770 3248 valde
790 3171 1078 3249 sciscitabuntnr
1097 3171 1142 3247 de
1161 3171 1234 3248 fide
1248 3177 1377 3248 nostra
1388 3195 1468 3248 ourn

288 3345 295 3356 -
350 3303 545 3404 placencia
580 3302 701 3396 bona3
739 3307 777 3375 et
799 3301 913 3376 istum
941 3321 1068 3374 senem
1096 3300 1328 3376 sacerdotem
1355 3300 1467 3378 valde

354 3429 580 3530 complacuit
597 3427 681 3505 sibi.
710 3427 760 3502 Et
777 3398 969 3502 cdnstituit
987 3423 1107 3502 Cesar
1130 3425 1323 3502 duodecim
1341 3451 1466 3504 sacer·

353 3557 460 3635 dotes
471 3555 687 3653 Hungaros,
707 3561 750 3630 vt
758 3559 911 3630 teneant
929 3551 1127 3629 eeclesiam
1138 3551 1373 3630 Catholioam
1385 3577 1470 3630 sno·

351 3707 431 3760 rum
449 3706 552 3759 more
571 3705 719 3778 eorum3
749 3688 787 3756 et
814 3685 1036 3778 prouentum
1055 3679 1237 3756 concessit
1255 3679 1331 3774 eis,
1361 3679 1469 3758 monti

352 3812 391 3887 in
409 3807 606 3910 pristinum
635 3809 808 3886 solebant
834 3806 901 3882 uti.
931 3803 1149 3904 Propositus
1177 3829 1251 3882 non
1278 3813 1360 3882 erat
1386 3830 1470 3904 pre·

353 3962 441 4017 sens
459 3939 580 4033 latro,
611 3938 699 4034 quia
719 3935 766 4012 ad
785 3936 1040 4034 episcopatum
1060 3931 1234 4032 Quinque
1254 3933 1468 4011 Ecclesien·

352 4089 428 4142 sem
450 4064 693 4142 ordinarerat
711 4087 752 4140 se
771 4084 840 4161 per
860 4059 1047 4138 Simonem
1065 4059 1290 4136 Litteratnm
1308 4059 1354 4135 de
1373 4059 1467 4135 Atti·

352 4215 449 4294 nay,
478 4197 515 4268 et
541 4191 601 4267 die
630 4191 805 4266 exilierat
832 4211 957 4265 coram
985 4185 1194 4265 'lurcorum
1222 4187 1395 4284 gencium
1422 4183 1469 4260 ad

353 4319 497 4417 Regem
515 4316 815 4410 Ferdinandnm3
841 4321 879 4391 et
898 4315 1045 4390 demum
1073 4312 1226 4389 difficile
1244 4313 1466 4411 impetraue-

353 4453 413 4524 rat
430 4445 503 4522 sibi
519 4443 760 4521 benedicium
787 4463 923 4517 nomen
950 4438 1166 4516 Stanislans
1190 4463 1214 4514 a
1232 4437 1469 4516 Ferdinando

353 4571 459 4670 Rege
485 4571 525 4647 in
551 4570 702 4648 Vienna
729 4563 838 4669 llll*-
869 4563 1143 4664 preposituram
1172 4563 1467 4664 Scepusiensem.

390 4853 422 4926 η
441 4847 573 4911 aaran
591 4849 646 4932 aa
664 4849 738 4906 arar
756 4849 912 4908 kimmlve.
