3260 5226
412 485 491 566 340

414 687 626 781 ciuitatem,
657 681 753 785 quod
772 681 812 761 in
830 691 909 762 toto
928 683 1018 762 orbe
1037 689 1221 762 terrarum
1241 709 1315 762 non
1333 685 1464 764 luisset
1481 685 1527 762 si·

414 813 527 890 milis.
557 813 686 890 Prima
713 835 801 911 pars
827 813 962 890 fuisset
978 811 1053 886 vici
1072 813 1141 888 sub
1161 836 1236 888 vna
1254 813 1467 891 testitudine
1486 813 1527 888 de

413 962 476 1016 ere
504 939 644 1016 lamine
671 939 872 1034 deaurata,
902 947 939 1014 et
958 946 1059 1016 esset
1076 939 1115 1012 in
1134 939 1255 1014 medio
1275 935 1458 1035 ciuitatis3
1477 941 1528 1014 al-

413 1074 495 1142 tera
513 1066 618 1142 vicus
637 1063 682 1140 de
700 1073 808 1164 parte
837 1064 936 1142 Ister
954 1063 1020 1140 flui
1045 1064 1090 1140 de
1110 1065 1197 1140 albo
1217 1072 1352 1142 stanno
1371 1068 1441 1142 sub
1458 1089 1529 1140 rna

412 1191 628 1269 testitudine
647 1200 685 1268 et
702 1193 866 1310 subyna
885 1213 1058 1268 mensura
1086 1192 1185 1268 domi
1203 1193 1372 1290 palacie,
1393 1202 1431 1269 et
1449 1193 1529 1268 alti-

411 1319 500 1396 tudo
527 1319 662 1396 fuisset
680 1318 729 1394 ad
748 1325 907 1416 quatuor
926 1326 1054 1417 partes
1072 1320 1337 1397 fenestrarum.
1367 1321 1417 1394 Et
1436 1321 1529 1396 alter

413 1455 521 1542 secor
540 1445 730 1544 pollicitus
754 1454 836 1522 erat
854 1469 900 1521 ex
921 1453 1029 1544 parte
1049 1447 1325 1544 promoutlncrio
1345 1447 1444 1522 idem
1461 1469 1529 1545 pa-

259 1559 262 1568 ’
412 1571 512 1647 lucia
539 1573 609 1648 sub
637 1596 712 1647 vna
738 1573 953 1650 testitudine
982 1573 1028 1648 de
1057 1597 1144 1650 arce
1164 1573 1329 1653 Budeusi
1348 1571 1530 1672 usquead

413 1698 637 1776 Zombathel
655 1697 701 1774 de
720 1701 836 1776 rubeo
863 1699 1020 1796 pingere
1048 1707 1167 1778 testas
1184 1723 1266 1778 enm
1285 1713 1453 1800 gyratur.
1474 1697 1532 1774 Ite

414 1825 569 1902 volebat
596 1826 767 1904 dominus
796 1825 912 1903 Gritti
942 1826 1102 1904 homere
1129 1827 1319 1902 ciuitutem
1338 1827 1531 1932 mercimo-

413 1951 588 2047 nialibus,
610 1953 707 2050 quod
724 1953 860 2030 similis
879 1975 953 2028 nou
972 1951 1240 2050 fuissetIBude.
1260 1952 1413 2030 Interea
1431 1953 1533 2028 labet

411 2084 587 2174 quattuor
602 2100 683 2178 pes,
704 2101 777 2154 uon
795 2085 854 2156 est
871 2077 1002 2154 mirum
1022 2079 1142 2176 bipes.
1162 2079 1212 2154 Et
1230 2080 1299 2155 illa
1317 2079 1533 2178 supradicta

412 2227 474 2282 res
497 2205 691 2302 preciosas
719 2205 816 2281 inter
845 2227 887 2282 se
916 2203 1075 2282 diuisum
1104 2213 1186 2280 erat
1206 2206 1469 2306 optimatibus,
1496 2213 1532 2280 et

411 2338 466 2408 tot
484 2331 620 2407 diuicie
640 2333 688 2408 ab
707 2331 802 2429 ipsis
820 2333 1087 2426 caedebatur,
1108 2340 1146 2406 et
1173 2333 1270 2408 inter
1297 2355 1338 2408 se
1367 2333 1533 2408 diuidere

411 2456 601 2534 iaciebant
627 2455 801 2554 Hungari
831 2456 988 2552 milites,
1009 2464 1047 2532 et
1066 2457 1208 2553 Regem
1228 2457 1431 2535 hortabant
1449 2479 1533 2532 eum

412 2585 583 2683 accipere
611 2607 722 2660 unam
750 2584 965 2682 porcionem
990 2583 1036 2658 de
1056 2583 1185 2682 preda.
1218 2583 1293 2659 Sed
1312 2583 1395 2660 Rex
1414 2583 1534 2662 Joan-

411 2734 479 2788 nes
497 2710 637 2806 noluit,
667 2711 898 2788 solummodo
926 2711 1117 2808 preciosas
1145 2711 1371 2808 margaritas
1396 2733 1534 2788 conon-

411 2839 540 2936 piebat
558 2839 606 2914 ab
626 2837 683 2915 eis
702 2837 854 2914 habere.
876 2838 927 2912 Et
945 2837 1115 2914 domiuus
1137 2837 1326 2914 Gottbard
1345 2837 1448 2912 Kwn
1467 2860 1533 2912 ex-

410 2973 498 3040 tunc
531 2965 724 3041 deferebat
750 2965 798 3040 ad
826 2987 959 3042 manus
995 2963 1092 3060 Regi
1130 2990 1241 3042 vnam
1279 2967 1459 3044 etatulam
1488 2966 1533 3041 de

412 3094 575 3168 eburneo
594 3093 778 3190 sculptam
799 3115 844 3166 ac
864 3091 1128 3168 bornatissime
1146 3092 1366 3168 fabricatam
1378 3093 1532 3190 plenam

413 3241 495 3294 cum
523 3217 711 3316 lapidibus
738 3217 917 3315 preciosis
936 3217 1055 3294 variis
1083 3219 1306 3294 contullerat
1332 3217 1381 3294 ad
1400 3241 1534 3294 maurus

411 3343 655 3440 Regiestatis.
693 3345 743 3420 Et
771 3343 869 3440 Regi
897 3329 1061 3419 animum
1095 3345 1205 3420 valde
1234 3345 1467 3440 delectabat,
1497 3357 1534 3420 et

411 3471 522 3546 nimis
549 3471 702 3546 valebat
730 3493 958 3567 cognoscere
986 3471 1133 3570 lapides
1162 3470 1374 3569 preciosas,
1406 3481 1444 3546 et
1469 3473 1533 3547 de·

414 3597 575 3675 lectatus
593 3603 675 3674 erat
692 3597 730 3672 in
749 3595 938 3696 lapidibus
957 3603 1027 3671 etc.

696 3959 1030 4064 (onerruuuu
1060 3960 1260 4064 xcvup.

517 4231 610 4310 Inde
628 4231 822 4330 ecquidem
833 4233 951 4309 eciam
971 4231 1092 4308 adhue
1110 4233 1281 4310 dominus
1292 4233 1529 4331 Vaywodich

410 4357 565 4436 sedebat
583 4360 622 4436 iu
641 4359 793 4436 viuculo
821 4360 1004 4456 carceris,
1035 4369 1073 4436 et
1100 4361 1253 4438 volebat
1271 4357 1352 4434 Rex
1378 4359 1528 4436 omnino

410 4484 458 4561 ad
486 4507 631 4560 amnem
660 4481 725 4559 flui
754 4483 863 4562 Ister.
892 4483 979 4561 Jam
1009 4485 1054 4560 de
1082 4485 1186 4582 Rege
1215 4494 1359 4563 senten.
1388 4486 1527 4562 dictum

277 4671 281 4678 .
411 4617 493 4686 erat
518 4633 630 4710 snper
657 4633 761 4707 enm,
792 4611 858 4686 sed
886 4611 955 4688 fuit
984 4619 1131 4686 atamen
1160 4612 1314 4708 vigilan.
1335 4637 1379 4687 ae
1398 4635 1527 4690 curam

409 4757 535 4830 geren.
556 4735 600 4812 de
620 4737 1118 4836 seipso,quodge1·manum
1138 4761 1243 4814 situum
1265 4740 1424 4834 eligeret
1441 4753 1527 4837 post
