3226 5220
428 509 506 588 218

424 707 507 784 Deo
527 709 727 784 adiuuante
756 711 946 807 preteriit3
976 710 1042 787 sed
1065 711 1175 807 juxta
1193 733 1235 786 se
1253 709 1374 807 ipsum
1393 709 1552 784 astabat

423 836 665 913 thanernious
684 835 855 914 Andreas
875 838 970 934 Zaz,
991 839 1114 936 ipsum
1133 859 1342 936 pauperum
1361 837 1552 931 contingit

424 962 639 1040 bombarda.
679 964 730 1038 Et
756 987 842 1039 mox
872 965 1095 1040 obdormiuit
1122 965 1163 1040 in
1191 963 1373 1058 Domin03
1402 962 1551 1045 nescio,

425 1090 513 1188 quia
540 1089 788 1167 Lucterianus
814 1097 905 1166 erat.
948 1093 1000 1166 Et
1025 1098 1159 1190 postea
1187 1092 1267 1189 jam
1296 1089 1379 1164 Rex
1408 1089 1554 1165 direxit

425 1217 609 1294 Polonum
636 1218 923 1294 belliductorem
943 1241 1025 1294 cum
1044 1242 1113 1296 sna
1132 1219 1215 1294 acie
1233 1241 1279 1292 ac
1297 1239 1380 1291 cum
1399 1217 1551 1292 vexillo

424 1345 532 1420 liuidi
552 1347 709 1441 coloris,
731 1351 768 1420 ct
785 1346 948 1446 bayduci
976 1347 1123 1445 pedites
1148 1348 1404 1424 clamauerunt
1421 1346 1551 1422 tribus

424 1472 600 1550 vicibus:
633 1474 771 1571 ,desua
798 1475 956 1553 Mariu.“
990 1475 1158 1573 Cumque
1185 1477 1380 1574 pecierunt
1406 1475 1551 1550 Poloni

425 1599 619 1696 adiutum,
641 1608 777 1676 extunc
795 1601 941 1678 Radich
965 1624 1047 1680 cum
1067 1625 1136 1678 sua
1153 1609 1265 1698 gente
1285 1601 1491 1696 rPreciana,
1513 1607 1550 1674 et

426 1733 507 1802 erat
525 1727 645 1826 ipsius
664 1729 910 1806 vioevaiuoda
931 1730 1066 1830 Bosytt
1089 1728 1257 1825 Farlras,
1288 1727 1549 1826 mox-incepe-

428 1859 515 1927 runt
541 1875 624 1928 cum
653 1855 830 1951 clangore
858 1856 1051 1932 vocibus:
1087 1855 1247 1953 ,ero,
1281 1853 1422 1930 bwro.“
1459 1853 1548 1949 Ego

425 2001 507 2055 oum
526 1977 598 2055 boc
617 1980 763 2077 audiui,
785 1981 863 2057 dixi
884 2009 892 2056 :
918 1985 1039 2078 ,Vere
1056 1981 1329 2080 prenosticacio
1349 2003 1434 2057 mea
1454 2003 1549 2056 vera

427 2111 484 2182 est
506 2107 620 2202 jum.“
653 2104 821 2203 Cumque
854 2105 1037 2184 Germani
1065 2113 1300 2208 spectassent
1328 2113 1461 2183 contra
1480 2129 1548 2182 eos

425 2231 681 2328 Hungaricum
708 2243 873 2332 purtem,
900 2242 937 2310 et
955 2235 1045 2310 dure
1064 2257 1302 2333 perueneram
1323 2257 1389 2310 eos
1406 2234 1447 2309 in
1468 2241 1547 2308 tur·

423 2359 521 2453 bam,
542 2365 662 2433 etnon
679 2359 938 2437 formidabant.
959 2360 1070 2436 Illico
1090 2361 1338 2457 consideraui,
1360 2361 1546 2457 quomodo

426 2485 605 2584 scriptum
624 2486 727 2562 sione
746 2493 856 2564 esset.

531 2611 583 2686 Et
600 2612 655 2688 sic
673 2613 755 2687 suit.
776 2613 922 2710 Fugam
942 2613 1042 2688 dedit
1060 2635 1203 2711 pauper
1222 2613 1317 2709 Rex,
1338 2611 1546 2710 quadrigas

424 2759 513 2814 suas
531 2739 740 2816 sarcinatas
769 2740 982 2837 dirigebant
1005 2739 1201 2816 aduersum
1221 2737 1446 2815 Hemonam.
1469 2738 1545 2831 Qui

423 2871 643 2963 potuerunt,
663 2869 832 2965 inerunt,
861 2870 924 2966 qui
944 2875 1068 2944 autem
1086 2891 1172 2944 non.
1200 2865 1260 2944 Ibi
1279 2866 1386 2942 multi
1406 2865 1544 2942 Poloni

424 2993 592 3077 derelicti
610 3005 696 3075 sunt
714 2997 754 3073 in
772 2996 907 3072 Zartos
925 2995 1088 3094 pallude,
1108 2994 1232 3070 etvidi
1247 2995 1366 3070 multa
1382 3015 1545 3092 corpora

420 3127 586 3224 jacentia
604 3149 673 3224 per
692 3126 832 3200 tenera.
862 3123 913 3198 Et
931 3147 1007 3198 vna
1024 3123 1160 3198 mulier
1186 3121 1355 3196 Polanca
1378 3117 1544 3196 vehebat

424 3275 536 3328 vnum
554 3252 735 3327 infantem
753 3251 792 3324 in
810 3249 921 3326 wlnis
940 3270 1104 3343 suarum,
1126 3253 1163 3323 et
1181 3253 1263 3322 erat
1271 3245 1384 3322 valde
1392 3245 1543 3342 gelidus

425 3381 506 3457 dies
525 3401 607 3456 cum
625 3385 804 3476 tempore,
827 3383 865 3452 et
881 3377 1007 3452 infans
1023 3376 1106 3453 sinc
1115 3373 1366 3472 coperimento
1381 3373 1541 3450 ulamau.

425 3505 551 3584 flebat.

532 3629 655 3724 Quum
674 3653 745 3728 ogo
765 3630 967 3708 derelictus
980 3731 982 3736 Ι
995 3631 1160 3726 fueram,
1187 3652 1299 3707 vnum
1323 3629 1456 3706 cubam
1476 3649 1541 3705 no·

425 3783 522 3835 nam
542 3759 748 3853 habebam,
768 3759 941 3857 precioso
960 3765 1059 3844 erat,
1080 3781 1148 3856 per
1167 3756 1359 3834 duodecim
1377 3754 1543 3833 florenos

425 3909 560 3964 aureos
587 3887 627 3962 in
654 3883 767 3962 Oatut
794 3888 939 3986 obpone
972 3886 1199 3984 Strigonien.
1227 3884 1419 3984 redempta
1447 3891 1540 3960 erat.

425 4013 484 4092 Ibi
513 4010 741 4090 Germanica
777 4035 867 4111 pars
903 4015 1137 4090 abstulerunt
1164 4037 1187 4088 a
1214 4035 1294 4106 me3
1323 4017 1361 4087 et
1386 4009 1542 4109 insuper

425 4142 553 4218 decem
571 4142 754 4240 florenos,
784 4165 878 4240 quos
906 4143 1113 4222 offerebant
1130 4143 1222 4220 mibi
1239 4141 1401 4243 bayduci
1419 4141 1459 4216 in
1479 4164 1540 4218 sa·

427 4294 528 4348 cram
566 4269 829 4366 elemosinam,
867 4277 905 4346 ct
933 4293 1045 4346 vnum
1072 4271 1233 4370 pileum,
1261 4268 1434 4369 preciosa
1460 4271 1543 4345 erat

426 4396 589 4494 quinque
614 4395 796 4492 floren0s3
826 4404 864 4472 et
891 4418 1003 4471 vnum
1038 4397 1206 4493 gladium
1232 4397 1370 4472 bonum
1397 4398 1436 4469 et
1462 4415 1540 4468 ma-

424 4546 557 4618 gnum,
581 4523 754 4621 preciosa
773 4528 854 4606 erat
872 4521 964 4599 duos
982 4521 1157 4599 florenos.
1183 4523 1360 4597 Attamen
1378 4521 1418 4595 iu
1436 4543 1539 4594 man·

422 4649 498 4723 tica
516 4649 699 4726 habebam
719 4649 841 4724 adbuc
860 4649 1077 4724 indumenta
1095 4672 1205 4724 noua
1223 4651 1446 4746 preparata,
1473 4645 1538 4722 sed
