3226 5220
1155 482 1232 565 171

22 693 23 724 ³
133 680 224 780 „Ubi
251 687 310 760 est
336 679 430 759 fides
456 682 558 758 tue.“
590 681 642 759 Et
668 689 754 782 pust
780 683 977 783 prandium
1005 683 1234 763 castellanus

22 801 23 858 l
131 807 311 888 Gotthard
330 809 517 908 accipiens
535 816 657 908 caput,
679 817 715 885 et
733 816 840 886 extra
859 818 946 886 ante
966 833 1089 887 arcem
1108 812 1149 887 in
1165 813 1233 890 ha·

22 985 23 1034 ;
131 943 183 1012 sta
209 937 326 1036 longa
352 959 464 1036 super
493 937 640 1014 culmen
668 937 774 1034 lecit,
803 944 950 1015 etcum
978 940 1075 1016 facie
1102 963 1234 1018 uersus

129 1063 309 1140 Viennam
336 1063 589 1162 aplicauerat,
618 1084 701 1138 curu
726 1063 824 1140 faeie
848 1065 1029 1142 aduersus
1048 1066 1235 1144 dominum

22 1223 23 1278 3
130 1211 228 1268 auum
255 1188 546 1266 Ferdinandum.
578 1189 629 1265 Et
647 1191 701 1266 ibi
729 1191 816 1289 plus
844 1214 955 1292 quam
984 1217 1095 1269 unam
1123 1195 1235 1272 ebdo-

130 1316 269 1394 madam
296 1316 452 1413 uigebat
479 1338 603 1391 arcem
628 1315 861 1415 Budensem;
882 1327 919 1394 et
936 1320 1094 1418 posthac
1111 1323 1235 1420 proje-

22 1485 23 1488 r
130 1451 250 1521 uetant
267 1442 317 1519 ad
336 1464 470 1541 equum
499 1441 686 1532 Danubii,
707 1451 744 1519 et
761 1444 929 1540 graciam
952 1447 1087 1523 iterum
1105 1447 1238 1525 habuit

22 1573 23 1624 ³
130 1571 349 1650 Valentinus
368 1569 524 1646 'Pherek
542 1576 633 1670 aput
641 1569 827 1648 ioannem
834 1571 999 1670 Regem3
1020 1581 1057 1649 et
1067 1573 1150 1650 Rex
1168 1571 1195 1652 J
1197 1598 1236 1651 ο·

22 1675 23 1710 Ν
130 1721 239 1775 annes
256 1705 344 1796 post
361 1697 484 1796 ipsum
503 1697 605 1774 misit
618 1719 731 1773 vnum
746 1721 1013 1797 precursorem,
1034 1707 1076 1774 vt
1093 1701 1239 1778 veniret

22 1817 23 1872 ¹
130 1827 285 1922 adeum,
305 1831 344 1901 et
361 1833 530 1921 uenerat,
551 1833 588 1900 et
598 1823 682 1900 Rex
701 1826 737 1900 ei
756 1825 909 1902 donauit
928 1828 1015 1902 mile
1034 1847 1180 1922 eureos,
1201 1835 1239 1904 et

22 2005 23 2028 r
130 1973 235 2028 unum
253 1973 401 2050 equum,
423 1953 484 2050 qui
496 1951 887 2050 eratequus'Purculis
905 1954 978 2030 soli
997 1952 1148 2031 Cesaris
1167 1961 1237 2030 etc.

230 2079 288 2182 Ἣ
313 2078 477 2156 Posthac
495 2079 598 2156 veuit
625 2079 772 2156 interim
790 2102 886 2157 unus
905 2080 1069 2157 villanus
1087 2081 1147 2158 vir
1164 2081 1238 2159 Vr·

22 2263 23 2320 ἰ
131 2208 244 2286 banus
263 2206 432 2304 numine,
460 2229 561 2282 more
591 2207 844 2303 columbinum
866 2213 904 2284 et
922 2208 972 2283 ad
990 2231 1049 2282 me
1067 2207 1237 2302 accessit,

22 2325 23 2340 '
134 2335 235 2432 quasi
263 2333 311 2410 ad
335 2341 472 2412 sertem
500 2333 639 2408 venire.
669 2332 721 2408 Et
749 2333 939 2432 deponens
965 2333 1105 2432 pileum
1133 2356 1239 2412 suum

22 2459 23 2542 l
133 2463 325 2563 decapite,
346 2461 445 2560 cepit
463 2482 588 2536 coram
606 2481 665 2534 me
684 2459 919 2558 suplicereet
933 2482 1069 2556 rogere
1088 2468 1240 2560 propter

22 2571 23 2592 Ν
134 2589 261 2686 Deum,
282 2596 323 2665 vt
341 2588 376 2664 ei
394 2587 594 2665 scriberem
612 2609 724 2662 unam
744 2586 1034 2686 suplicacionem
1054 2587 1102 2662 ad
1120 2586 1147 2664 J
1149 2610 1238 2664 uan-

134 2741 210 2795 nem
227 2717 384 2815 Regem.
410 2715 495 2812 Ego
515 2741 524 2789 ε
547 2711 820 2812 „Quamobrem
849 2714 1053 2791 scriberem
1081 2713 1151 2790 tibi
1179 2736 1240 2790 su·

137 2841 425 2945 pliceciunem?“
447 2840 532 2917 Ait:
557 2840 741 2938 „Domine
759 2841 820 2938 mi,
832 2864 902 2939 ego
913 2842 1166 2938 sagitaneram
1185 2841 1241 2916 ni·

136 2995 233 3070 gmm
260 2971 448 3049 hominem
474 2973 520 3046 de
549 2967 676 3067 pixide
703 2993 787 3044 mea
815 2969 855 3046 in
879 2968 1044 3066 Zeghed.
1074 2965 1241 3067 Cumque

136 3100 266 3177 reclusi
284 3099 475 3175 fueramus
494 3101 580 3172 ante
608 3095 772 3195 pessimo
799 3085 968 3190 homine,
998 3118 1080 3170 cum
1099 3094 1241 3171 audiui·

138 3250 209 3305 mus
236 3248 322 3304 eum
349 3245 566 3325 percussum
593 3247 616 3299 a
644 3223 791 3298 domino
829 3223 1001 3298 Emeriec
1030 3221 1175 3319 cibun,
1206 3231 1244 3299 et

138 3355 226 3452 quud
244 3353 503 3431 deambularet
519 3373 636 3450 prope
664 3350 852 3450 palacium
878 3349 1022 3446 Zilagi,
1053 3345 1243 3453 cognobi)

139 3505 233 3580 eum,
264 3481 363 3580 quod
381 3481 463 3579 ipse
483 3487 585 3556 essct
602 3479 738 3558 Juwan
757 3476 880 3573 Char,
901 3485 938 3552 et
957 3478 1131 3556 manibus
1149 3479 1245 3554 meis

140 3617 341 3689 accesserat
368 3631 468 3686 mors
486 3607 596 3684 sibi.“
629 3605 749 3699 Quum
769 3607 896 3681 audiui
915 3629 1001 3683 mox
1021 3605 1242 3705 suplicacio·

140 3761 213 3814 nem
240 3737 394 3837 limpide
423 3735 495 3813 sibi
523 3731 698 3829 exareui,
728 3733 831 3810 etad
859 3733 1031 3809 manibus
1049 3732 1128 3808 suis
1147 3730 1242 3830 epli-

141 3867 224 3942 eaui.
244 3865 297 3942 Et
315 3863 364 3940 ad
382 3862 525 3959 Regem
550 3862 692 3958 direxi3
722 3868 759 3936 et
786 3861 870 3936 Rex
898 3859 944 3936 de
971 3859 1145 3935 manibus
1170 3857 1243 3935 viri

142 3995 275 4094 accepit
293 3999 331 4067 et
348 3990 527 4090 respexit.
719 3967 724 3978 ’

235 4119 331 4197 Hice
356 4117 477 4195 visum
513 4138 620 4194 suum
656 4115 740 4192 Rex
780 4114 956 4214 apposuit
982 4112 1031 4188 ad
1057 4110 1244 4188 hominem

141 4245 322 4341 iuuenem,
352 4246 460 4322 etita
479 4245 618 4343 incepit
636 4243 847 4337 declarare,
877 4241 974 4318 sicut
991 4241 1169 4339 scriptum
1188 4247 1246 4316 est

145 4393 260 4450 eorem
296 4371 417 4469 Regie
455 4371 667 4470 Majestatis
696 4369 913 4465 cunctisque
940 4366 1109 4462 audien,
1146 4364 1244 4464 quod

145 4495 359 4576 Valentinus
386 4496 544 4575 Therek
572 4503 802 4598 amputasset
821 4501 933 4593 caput
950 4491 977 4570 J
979 4515 1051 4569 ean
1070 4489 1186 4568 Chari
1205 4493 1245 4567 in

147 4619 232 4702 lectu
249 4627 289 4702 in
306 4625 446 4724 agonia
464 4647 544 4704 sua.
573 4624 656 4702 Rex
676 4624 771 4701 dixit
788 4623 825 4700 ei
844 4650 853 4698 :
878 4620 1005 4720 „Bone
1024 4619 1160 4698 frater!
1180 4639 1243 4694 ve·
