3260 5226
416 429 495 509 370

418 629 650 736 muneribus,
681 650 764 704 cum
790 628 930 724 gemis,
945 675 946 680 Ν
964 627 1144 726 preciosis
1170 627 1359 727 lapidibus
1385 633 1423 704 st
1450 649 1531 702 cum

417 755 505 832 aliis
523 755 684 861 diuersis
702 753 884 854 preciosis
902 755 1026 832 rebus.
1039 755 1112 830 Vbi
1132 761 1189 830 est
1206 753 1300 832 fides
1318 750 1408 830 tua?
1425 751 1534 846 Quod

417 882 450 959 si
469 882 539 957 hec
557 905 625 958 nos
643 881 803 958 sciemus
822 881 1106 957 instabilitatem
1124 888 1227 958 tuam
1246 903 1338 977 erga
1357 904 1438 976 uos,
1460 881 1535 956 alio

418 1009 525 1085 modo
545 1031 670 1084 curam
689 1007 912 1084 haberemus
931 1007 976 1082 de
995 1007 1067 1084 hac
1086 1008 1163 1084 re.“
1196 1008 1247 1082 Et
1265 1007 1438 1084 similiter
1456 1007 1535 1086 Va·

416 1135 580 1211 lentinus
608 1136 801 1232 inceperat
819 1157 925 1211 suam
949 1134 1219 1232 querimoniam
1236 1156 1443 1234 proponere
1463 1129 1535 1208 Oe·

417 1262 513 1340 saris
542 1261 763 1338 Turcarum.
803 1260 868 1335 Ait
904 1259 1024 1337 Cesar
1052 1260 1108 1337 ad·
1133 1261 1375 1366 Valentinum
1413 1257 1524 1360 Μὶν·

418 1389 602 1464 Therek:
627 1387 873 1486 „Valentinet
905 1386 1046 1464 Multos
1074 1387 1221 1464 Turcos
1248 1409 1352 1463 meos
1370 1393 1535 1485 prostra-

418 1517 552 1616 stipor
571 1536 713 1591 armam
731 1521 834 1590 tuam
854 1511 902 1588 ad
919 1519 1078 1604 terram,
1100 1520 1137 1590 et
1155 1537 1229 1590 non
1248 1516 1399 1611 estjam
1418 1511 1482 1588 hio
1499 1511 1535 1586 in

418 1643 616 1739 Hungaria
634 1649 785 1744 nonest
803 1641 866 1715 vel
883 1641 1008 1717 nullus
1027 1649 1104 1736 est,
1134 1640 1180 1716 de
1209 1663 1282 1738 quo
1310 1643 1389 1738 jam
1409 1639 1535 1718 formi-

419 1770 546 1845 darem
573 1767 802 1844 solummodo
831 1766 944 1841 dete.
975 1765 1051 1841 Sed
1073 1769 1160 1864 Juro
1189 1767 1237 1842 ad
1263 1765 1372 1841 fidem
1403 1788 1536 1860 meam,

420 1895 519 1995 quod
535 1903 576 1970 tu
594 1917 669 1971 non
688 1893 805 1972 sentis
833 1901 985 1970 mortem
1015 1894 1060 1968 de
1080 1917 1184 1971 arma
1213 1915 1317 1989 mea;
1345 1892 1412 1971 sed
1439 1893 1539 1968 riuis

419 2022 505 2098 dum
523 2019 593 2098 tibi
612 2020 717 2096 Deus
737 2019 964 2097 concesserit
979 2019 1078 2096 diem
1097 2029 1135 2096 et
1153 2020 1319 2097 horam.“

526 2148 576 2224 Et
604 2147 658 2222 ait
686 2144 879 2246 Stephano
916 2148 1144 2224 cancellario
1175 2174 1184 2223 ε
1218 2147 1335 2246 „Juro
1373 2145 1443 2223 tibi
1471 2168 1539 2244 per

420 2274 542 2351 Deum
559 2297 702 2364 meum,
727 2281 765 2349 et
783 2274 831 2349 ad
850 2272 960 2350 fidem
978 2297 1120 2370 meam,
1141 2281 1179 2348 et
1197 2279 1245 2350 ad
1264 2274 1398 2350 collam
1417 2293 1539 2348 meum

419 2403 602 2499 gutturis,
632 2401 737 2478 etad
762 2401 944 2478 frameam
972 2425 1112 2496 meam,
1134 2409 1171 2476 et
1189 2401 1237 2478 ad
1254 2425 1391 2500 panem
1418 2421 1539 2476 meum

419 2529 709 2628 quottidianum‚
740 2528 839 2626 quod
865 2529 975 2606 vobis
1003 2529 1057 2604 nil
1085 2528 1270 2624 contingit
1288 2527 1442 2625 aliquod
1461 2547 1538 2602 ma-

418 2657 516 2750 lum,
545 2661 582 2730 et
610 2654 658 2729 ad
685 2661 842 2731 mortem
869 2655 980 2734 vobis
1007 2679 1082 2732 non
1110 2656 1304 2732 evenietur
1324 2654 1537 2754 quidquam.

420 2780 494 2857 Hie
511 2787 549 2855 te
568 2780 735 2856 dimitam
754 2780 858 2857 Bude
878 2805 961 2857 cum
980 2759 1056 2859 tuis
1066 2783 1242 2880 cateruis,
1263 2790 1398 2858 etcum
1409 2781 1539 2860 Marco

420 2903 554 3002 Deak‚
576 2913 613 2982 et
632 2907 671 2982 in
691 2929 777 2982 arce
797 2929 910 2983 unum
929 2931 1104 3005 magnum
1123 2907 1335 3009 vayuodam
1354 2909 1394 2984 in
1413 2909 1539 3007 specie

420 3035 505 3110 mei.
534 3033 622 3132 Ipse
651 3033 811 3133 imperat
838 3035 877 3110 in
905 3059 1012 3132 arce,
1042 3042 1079 3112 et
1106 3042 1147 3112 tu
1166 3035 1313 3134 quidem
1331 3036 1370 3110 in
1389 3036 1541 3112 ciuitate

421 3161 596 3238 Budensi.
628 3161 679 3236 Et
698 3159 905 3258 Georgium
932 3163 1106 3258 fratrem,
1137 3187 1183 3238 ac
1201 3163 1390 3258 Petrouit‚
1410 3171 1448 3238 et
1466 3163 1540 3239 Vr-

419 3291 557 3365 banum
585 3289 786 3388 Battyani3
825 3313 893 3368 vos
931 3291 1016 3367 sitis
1048 3313 1130 3366 oum
1158 3313 1286 3390 puero.
1315 3290 1365 3366 Et
1392 3290 1540 3386 Regina

266 3415 269 3426 '
419 3417 544 3494 statim
572 3416 715 3508 baiolat
733 3439 774 3493 se
795 3439 878 3492 oum
896 3439 1013 3515 puero
1033 3417 1081 3493 ad
1099 3417 1282 3516 Lippam‚
1312 3426 1350 3492 et
1368 3441 1438 3494 vos
1457 3439 1539 3492 oum

418 3565 483 3638 ea,
513 3542 655 3640 absque
683 3540 959 3640 impedimento.
998 3543 1051 3618 Et
1088 3544 1272 3622 dimittam
1303 3543 1426 3642 ipsam
1454 3565 1538 3619 cum

419 3669 602 3746 thezauro
640 3689 727 3764 suo,
766 3668 855 3766 quia
883 3693 999 3748 causa
1026 3668 1096 3746 heo
1124 3679 1201 3767 est,
1232 3669 1330 3769 quod
1357 3668 1542 3748 Germani

419 3818 566 3894 semper
592 3795 772 3872 infestant
800 3819 889 3892 vos,
930 3821 974 3872 ac
1001 3797 1160 3896 inquieti
1192 3797 1329 3874 essetis
1356 3798 1404 3874 ab
1432 3797 1540 3896 ipsis.

420 3922 496 4000 Sed
514 3924 596 4000 dico
617 3925 665 4000 ad
683 3947 859 4020 magnum
889 3925 1010 4002 Deum
1038 3949 1180 4024 meum,
1211 3926 1309 4025 quod
1337 3948 1408 4022 ego
1436 3925 1543 4026 ipsos

420 4049 592 4128 edomare
610 4053 790 4130 conabo.“

526 4176 576 4252 Et
602 4177 658 4254 sic
686 4175 808 4254 Cesar
836 4177 1005 4275 permisit
1030 4201 1096 4256 eos
1115 4180 1155 4256 in
1173 4185 1273 4256 statu
1291 4180 1410 4274 bono,
1432 4185 1470 4252 et
1488 4161 1541 4254 ait

421 4301 589 4402 Georgio
616 4306 755 4401 fratre,
785 4305 885 4404 quod
914 4307 1040 4383 statim
1069 4305 1219 4404 Regina
1237 4311 1415 4406 preparet
1433 4329 1475 4382 se
1495 4307 1543 4382 ad

420 4431 492 4508 iter
509 4431 691 4510 aduersus
710 4432 884 4532 Lippam.
915 4434 965 4508 Et
984 4435 1144 4512 cucurrit
1161 4435 1279 4513 frater
1298 4431 1488 4530 Georgius
1507 4441 1543 4508 et

421 4555 515 4632 dixit
533 4581 600 4655 pro
619 4559 779 4656 Regina.
812 4557 962 4656 Regina
989 4568 1114 4636 autem
1139 4585 1220 4636 eum
1240 4560 1387 4636 audien.
1416 4561 1542 4636 audis-

420 4691 498 4776 set,
519 4685 618 4778 quod
637 4683 757 4762 Cesar
789 4685 1000 4762 ordinasset
1028 4688 1125 4766 inter
1154 4687 1358 4783 Hungaros
1386 4687 1542 4763 cuilibet
