3238 5228
1131 481 1209 558 aru
1346 587 1349 593 Ι

114 697 201 770 nus,
239 675 419 773 quomodo
460 676 647 753 docuisset
682 676 768 753 Rex
795 677 964 756 Joannes
981 678 1210 756 Jeronimum

114 799 243 899 Laclri,
280 802 461 900 quomodo
498 801 608 879 debet
633 803 825 903 captiuare
853 805 1011 880 Paulum
1028 803 1209 909 {Artandi

114 929 199 1026 quod
234 929 317 1006 Rex
346 929 513 1006 Joaunes
540 929 709 1028 permisit
736 930 825 1006 dare
855 938 892 1006 et
918 930 1056 1008 donare
1084 956 1209 1009 arcem

114 1055 195 1132 duas
213 1055 388 1132 videlicet
406 1056 567 1156 Lippam
586 1065 624 1132 et
643 1055 820 1132 Solmum.
842 1055 940 1150 Quia
966 1058 1040 1134 iste
1068 1059 1210 1136 Paulus

115 1182 258 1257 drtandi
294 1181 458 1260 habebat
488 1185 566 1279 jam
595 1183 713 1258 aciem
740 1182 982 1282 compositam
1010 1184 1207 1264 adversum

111 1307 303 1403 loannem,
324 1308 516 1384 nesciebat
534 1310 593 1384 eui
614 1309 794 1385 adherere
811 1310 987 1408 perfecte.
1009 1311 1060 1386 Et
1086 1318 1209 1388 castor

110 1433 217 1532 ipsius
236 1441 317 1510 erat
334 1434 434 1512 vltra
453 1434 636 1531 Thiciam,
657 1436 796 1534 etipse
815 1437 966 1534 spondit
984 1435 1092 1534 Regi,
1112 1437 1210 1534 quod

111 1560 259 1637 fideliter
277 1569 337 1638 sat
356 1562 447 1658 agit.
941 1631 946 1638 .

206 1689 257 1764 Et
275 1688 509 1788 Vaywodicb
528 1690 602 1764 cito
622 1690 804 1786 equitauit
822 1714 867 1766 ac
897 1668 945 1766 ad
971 1691 1082 1768 istum
1109 1691 1208 1768 Pau·

108 1816 178 1890 lum
195 1815 352 1892 Artandi
380 1816 609 1892 solummodo
638 1838 719 1892 oum
748 1823 906 1914 quatuor
932 1817 1144 1915 quadrigis,
1174 1827 1211 1892 et

108 1941 331 2039 inquattuor
361 1943 521 2042 optimos
544 1943 645 2020 viros
665 1951 835 2020 strenuos
862 1944 1047 2022 habuerat
1072 1967 1209 2039 secum,

109 2077 145 2141 et
162 2070 198 2144 in
215 2077 390 2166 quattuor
409 2071 614 2168 quadrigas
632 2071 750 2147 bonos
779 2094 907 2168 equos.
937 2071 1046 2147 Reda
1073 2095 1210 2170 appen-

107 2193 183 2271 den.
204 2196 251 2273 ad
270 2219 353 2272 eum
373 2197 551 2282 Paulum,
573 2205 610 2272 et
637 2198 794 2274 vidisset
821 2220 867 2274 ex
896 2197 969 2274 hac
996 2205 1104 2296 parte
1132 2223 1209 2274 am·

106 2323 227 2400 bulan.
256 2348 326 2422 pro
348 2326 487 2422 spacio.
519 2326 570 2400 Et
589 2347 702 2424 super
720 2325 923 2422 gasquadri
949 2326 1052 2402 viros
1070 2349 1115 2400 ac
1142 2327 1209 2402 mi-

106 2449 186 2526 lites
204 2443 410 2549 reliquerat
428 2459 650 2547 retrorsum,
670 2453 807 2551 etipse
836 2453 940 2528 solus
968 2460 1045 2526 tum
1069 2452 1210 2548 equita-

105 2585 204 2653 uerat
222 2578 271 2652 ad
291 2579 441 2676 rippam
460 2577 572 2655 fluius
592 2578 730 2654 Thicii.
751 2575 875 2670 Quum
894 2578 1052 2655 vidisset
1070 2577 1210 2653 Paulus

105 2701 256 2780 Artaudi
276 2703 512 2782 Jeronimum
530 2704 656 2780 Lacki
676 2704 776 2802 quod
794 2705 896 2782 solus
915 2713 1016 2783 esset
1034 2725 1116 2780 cum
1143 2703 1207 2778 tri-

104 2828 167 2906 bus
185 2830 291 2928 equis
309 2837 474 2928 tautum;
504 2839 540 2907 et
568 2831 693 2908 Lacki
711 2832 738 2908 J
740 2832 926 2908 cronimus
953 2832 1209 2908 destinauerat

105 2979 209 3032 vnum
229 2963 373 3036 tantum
391 2981 615 3056 sucrescen,
636 2967 672 3036 et
690 2954 923 3037 feeitvocaro
943 2959 990 3034 ad
1008 2982 1049 3036 se
1068 2960 1206 3035 solum·

105 3085 205 3160 nodo
225 3107 266 3161 se
284 3086 406 3184 ipsum
425 3087 588 3182 veniret,
610 3093 647 3162 et
673 3088 828 3164 multum
856 3086 1049 3163 thardoret
1076 3086 1207 3180 eciam,

104 3231 242 3286 rursum
262 3219 468 3290 reuerterot
486 3237 527 3290 se
547 3213 595 3288 ad
613 3236 721 3290 suum
749 3221 945 3292 castorem.
975 3214 1024 3288 Et
1050 3219 1206 3290 venerat

104 3337 189 3416 citra
208 3338 274 3416 flui
294 3339 430 3417 Thicie
449 3341 498 3418 ad
528 3342 758 3418 Jeronimum
786 3341 929 3437 Lacki,
960 3350 997 3417 et
1019 3344 1098 3439 jam
1125 3362 1207 3415 cum

102 3467 203 3544 ambo
224 3475 351 3545 essent
368 3476 407 3544 et
426 3469 655 3544 fabularent.
676 3469 725 3543 Et
743 3492 918 3566 magnum
937 3469 1012 3545 sibi
1030 3467 1205 3564 gaudium

102 3591 267 3671 dominus
304 3594 530 3672 Vaiwodioh
569 3597 779 3690 retulisset,
818 3594 916 3692 quod
955 3594 1027 3670 sibi
1055 3593 1208 3670 donauit

103 3717 189 3798 duas
208 3743 316 3797 arces
334 3721 418 3796 Rex
435 3721 625 3817 Joannes‚
655 3721 831 3798 videlieet
859 3720 1024 3796 Solmum
1054 3727 1091 3794 et
1116 3717 1206 3817 Lip-
1309 3728 1315 3746 ‘

104 3867 190 3942 pam.
213 3843 268 3948 Ἣ
293 3845 460 3944 Cumque
480 3849 685 3924 audiuisset
713 3849 855 3925 Paulus
884 3845 1041 3924 Artandi
1068 3847 1116 3922 ab
1144 3867 1208 3920 ore

104 3973 353 4077 Vaywodich',
390 3975 566 4072 gaudium
607 3975 809 4053 solacionis
847 3997 1020 4072 magnum
1054 3973 1206 4070 accepit.

11 4147 12 4154 κ
108 4103 224 4193 ,Vere
243 4103 402 4180 salutem
420 4104 493 4180 sibi
512 4112 550 4179 et
567 4104 758 4181 reseruire
778 4101 932 4179 studebo
951 4099 1110 4176 fideliter
1118 4099 1206 4174 bac·

103 4231 203 4307 tenus
221 4236 373 4330 propter
391 4253 514 4306 arcem
543 4227 692 4306 Solmus
722 4235 760 4302 et
786 4233 938 4326 propter
965 4248 1088 4301 urcem
1114 4223 1205 4323 Lip-

11 4391 12 4394 ¹
104 4373 199 4454 pam,
222 4357 343 4434 adbuc
361 4357 409 4432 ad
426 4357 610 4434 infernum
629 4357 722 4433 irem
741 4355 931 4454 propter.“
954 4353 1006 4430 Et
1022 4375 1107 4429 mox
1126 4351 1203 4427 cla-

11 4483 12 4488 '
105 4485 213 4559 mauit
249 4484 298 4560 ad
324 4489 508 4561 castorem
540 4506 646 4561 suum
673 4506 740 4584 pro
772 4479 1013 4558 cubiculariis
1039 4479 1138 4571 suis,
1167 4483 1208 4552 vt

11 4677 12 4730 ,
104 4607 252 4688 oderent
277 4611 406 4688 vinum
437 4613 575 4688 bonum
605 4610 653 4686 ad
682 4609 869 4686 victimam
895 4605 1040 4683 domino
1067 4603 1204 4682 Lacki.

11 4809 13 4822 .
108 4739 161 4818 dit
198 4737 358 4815 Lacki:
392 4737 518 4838 ,Rogo
555 4737 845 4816 dominacionem
881 4740 1072 4828 vestram,
1109 4731 1206 4831 quod

11 4829 13 4884 l

11 4911 13 4958 l
