3260 5226
399 555 477 634 376

400 756 461 853 qui
481 755 670 832 habebant
689 755 818 830 duoem
839 775 957 846 suurn,
979 775 1045 850 per
1065 775 1105 828 se
1126 751 1313 828 habebant
1332 755 1512 824 castorem

402 905 519 974 suum,
541 890 578 956 et
597 881 768 978 Hungari
788 880 973 958 similiter.
996 878 1045 954 Et
1065 877 1275 954 'Praeiauus
1294 897 1390 952 unus
1409 873 1512 950 miles

401 1007 547 1083 nomine
577 1007 712 1082 Petrus
741 1005 905 1106 Bakytt,
935 1013 972 1080 et
997 1005 1105 1080 miles
1125 1005 1197 1080 iste
1217 1025 1299 1078 oum
1319 999 1528 1098 Huugaris'

405 1133 631 1232 adjungebat
658 1157 711 1208 se.
743 1132 915 1218 Etiuxta
933 1130 1031 1207 Ister
1049 1129 1112 1204 flui
1132 1127 1396 1206 castrametati
1411 1133 1514 1202 eraut

402 1261 502 1336 infra
522 1259 639 1336 Vaoie
650 1282 716 1357 per
732 1280 899 1358 eampum
920 1257 967 1333 ad
986 1258 1059 1334 tria
1079 1256 1241 1332 miliaria
1260 1276 1393 1330 versus
1412 1251 1515 1328 Buta

404 1385 535 1464 Pesth.

509 1511 630 1604 Quum
649 1535 720 1608 ego
739 1511 886 1605 audiui,
908 1517 944 1584 et
962 1509 1061 1602 vidi,
1090 1508 1187 1606 quod
1206 1515 1333 1584 esseut
1350 1507 1434 1582 sine
1452 1527 1513 1580 au·

404 1639 573 1715 ctoritate
602 1639 750 1738 papalis
778 1649 815 1713 et
834 1639 1032 1714 Beatorum
1059 1634 1322 1734 Apostolorum
1351 1631 1456 1708 Petri
1483 1637 1516 1706 et

408 1765 530 1858 Pauli,
552 1773 588 1840 et
607 1765 687 1840 sine
707 1764 947 1840 absolucione
966 1785 1095 1860 poene,
1118 1768 1154 1835 et
1173 1785 1195 1835 a
1214 1759 1514 1858 eulpaoarsreut

404 1897 440 1964 et
459 1913 542 1966 sese
561 1913 635 1964 uon
655 1887 847 1964 humiliar.
868 1889 938 1964 sub
958 1887 1182 1964 authoritate
1202 1885 1402 1962 Beatorum
1415 1883 1515 1960 Petri

405 2023 442 2088 ot
461 2015 570 2090 Pauli
591 2015 874 2113 Apostolorum
904 2037 975 2110 ego
995 2013 1071 2088 diri
1093 2041 1100 2086 :
1125 2010 1256 2110 „Gens
1274 2009 1515 2093 ooutumaois.

404 2163 498 2236 gens
527 2142 692 2234 rebella,
721 2163 814 2236 gens
844 2141 1023 2237 superba,
1061 2163 1155 2236 gens
1182 2139 1321 2236 absque
1359 2135 1518 2214 lioeuois

405 2264 548 2344 Christi
567 2276 739 2366 pestore;
768 2277 805 2342 et
833 2267 886 2342 uil
906 2268 1153 2364 proualebunt
1172 2266 1354 2341 aduersus
1373 2263 1515 2340 Turta·

406 2396 523 2471 rum.“
554 2394 604 2468 Et
621 2394 810 2490 prolirsre
830 2396 998 2470 feserunt
1015 2400 1147 2490 gentes
1167 2415 1314 2488 eorum,
1337 2393 1428 2488 quia
1448 2413 1520 2466 nou

406 2521 594 2596 hebebant
621 2519 840 2596 directorem
868 2522 1016 2595 bonum.
1048 2517 1155 2612 Quod
1175 2521 1208 2596 si
1227 2525 1380 2642 repeu‘te
1410 2520 1516 2594 obse·

403 2648 489 2724 dere
519 2649 696 2724 volebant
715 2647 901 2722 eiuitatem
924 2647 1050 2740 Pesth,
1081 2647 1155 2722 oito
1174 2647 1405 2746 portuissent
1425 2645 1517 2722 arri·

403 2797 491 2872 pere
503 2773 693 2848 ciuitatem
706 2772 832 2868 Pesth,
844 2773 1051 2852 sedinsane
1071 2773 1205 2848 mentis
1225 2781 1341 2849 erant.
1361 2771 1516 2848 Domum

405 2923 532 2976 omnes
550 2899 662 2975 duoes
683 2900 743 2974 vel
763 2907 922 2994 quatuor
941 2899 1171 2976 obsedebant
1180 2899 1295 2975 Pesth
1306 2899 1517 2992 ciuitatem

404 3027 471 3103 sod
491 3028 570 3124 jam
599 3025 714 3100 Turoi
744 3027 847 3102 multi
879 3025 1122 3102 veneruntad
1140 3025 1365 3124 adjutandum
1393 3033 1520 3124 partes

405 3175 492 3230 suos
510 3173 622 3248 super
654 3149 760 3248 “igv-
790 3159 928 3228 terram
957 3159 994 3226 et
1022 3175 1167 3250 aquam.
1200 3152 1250 3226 m.
1262 3156 1340 3250 jem
1361 3152 1463 3228 intua
1482 3153 1518 3228 in

405 3277 556 3354 oiuitate
569 3279 678 3374 juxta
703 3299 847 3354 murum
866 3280 1006 3354 fossam
1026 3279 1248 3377 profundam
1266 3279 1463 3374 fodebuut3
1484 3287 1520 3354 st

404 3405 557 3502 insuper
576 3424 655 3477 oum
682 3403 845 3478 maxima
871 3404 1015 3500 grauda
1043 3411 1148 3480 reete
1178 3406 1329 3480 metallo
1357 3429 1518 3505 repsgu-

406 3531 535 3606 labant
562 3529 688 3603 flurium
717 3526 815 3606 Ister
843 3531 941 3606 vltra
970 3531 1159 3606 ciuitatem
1189 3531 1350 3639 Pestien.
1377 3531 1425 3608 sd
1446 3532 1518 3608 Bu·

407 3657 501 3733 dam.
540 3656 589 3732 Et
616 3651 693 3732 tam'
721 3654 921 3734 artificiose
950 3665 987 3732 et
1013 3657 1104 3735 dure
1132 3659 1363 3738 recluserunt
1391 3659 1519 3736 Danu·

406 3784 518 3878 bium,
538 3781 638 3887 quod
658 3783 762 3858 nulla
781 3782 910 3860 ouriua
929 3785 974 3860 de
993 3807 1110 3862 orsos
1125 3793 1231 3884 parte
1251 3789 1518 3864 Germanorum

406 3915 552 4010 poterat
579 3908 824 4003 desoeudere3
853 3934 922 3986 nee
950 3935 991 3988 se
1019 3934 1105 3989 orso
1125 3937 1148 3988 a
1166 3920 1271 4012 parte
1299 3912 1518 3990 ettnioorum

407 4039 549 4112 classes
578 4055 740 4112 suorum.
771 4035 822 4109 Et
849 4035 905 4112 illi
934 4016 1056 4115 duees
1073 4037 1184 4119 valde
1211 4051 1520 4136 expugnauerant

407 4185 547 4240 murum
576 4161 842 4268 Pestiensium‚
880 4163 977 4262 quod
1005 4188 1073 4243 sex
1101 4165 1284 4264 quadriga
1316 4165 1521 4264 posuissem

403 4291 556 4368 intrare.
592 4289 643 4365 Et
670 4289 803 4366 iterum
840 4302 946 4368 noete
985 4293 1099 4370 Turoi
1138 4293 1400 4370 refocillabaut
1437 4319 1520 4372 oum

401 4427 514 4512 terra,
535 4423 572 4493 et
589 4439 677 4494 oum
695 4415 877 4496 sordibus.

510 4543 561 4618 Et
588 4541 657 4618 hee
684 4546 795 4622 turba
823 4569 979 4644 magna,
1014 4571 1088 4650 qua
1116 4556 1197 4626 erat
1225 4549 1422 4626 constituta
1451 4574 1518 4648 per

406 4669 549 4764 Regem
576 4667 850 4746 Ferdiuandum
868 4673 907 4748 iu
926 4695 1054 4752 mense
1072 4675 1170 4753 iuter
1189 4681 1344 4752 ootauas
1363 4673 1516 4754 Assum·

407 4793 524 4868 oionis
543 4793 683 4886 Mario,
704 4805 740 4868 et
758 4804 964 4876 statuerunt
987 4803 1067 4900 jam
1093 4809 1226 4900 gentes
1254 4801 1301 4876 ad
1327 4802 1515 4904 impetum,
