3226 5220
1124 475 1248 556 209-

20 653 21 656 ¹
115 672 203 748 miles
224 672 326 748 Kwn
345 669 553 768 Gottbard,
583 679 620 748 et
643 672 786 750 Paulus
815 673 928 750 Kwn.
959 671 1128 771 Cumque
1157 677 1206 752 ad

20 795 21 890 j
113 798 227 874 vudum
244 799 485 898 pervenimus
504 800 638 876 iterum
658 823 805 898 oppone
824 801 924 878 arcis
944 799 1089 900 Thooaj
1109 811 1147 878 et
1165 803 1205 878 in

110 927 211 1004 tribua
228 927 361 1004 diebus
372 926 431 1002 die
441 933 626 1025 noctuque
643 928 980 1005 transfretabamus
997 953 1066 1029 per
1076 929 1206 1005 fluium
1301 915 1306 922 ’

109 1052 246 1151 Thicie3
268 1055 457 1132 etiterum
476 1055 524 1130 ad
540 1054 750 1154 hospicium
774 1055 929 1154 plebani
947 1055 1206 1134 descendimus
1304 1102 1311 1116 .

108 1201 178 1256 cum
195 1178 388 1280 Stephano
418 1181 629 1280 capellano.
660 1180 712 1256 Et
729 1181 811 1280 ipse
834 1182 1019 1281 plebanus
1037 1183 1064 1262 J
1066 1207 1207 1260 oannes

108 1307 201 1403 quasi
217 1308 408 1403 terrigena
431 1307 667 1404 gratulanter
694 1329 830 1404 magno
858 1310 1041 1409 suscepit,
1068 1315 1106 1386 et
1123 1309 1207 1386 Rex

108 1433 262 1512 loannes
279 1437 416 1512 iterum
435 1435 484 1511 ad
502 1458 609 1512 suum
627 1435 773 1512 domum
791 1437 1001 1514 reclinauit.
1026 1437 1086 1515 lbi
1104 1461 1208 1514 man·

20 1563 22 1598 ⁴
109 1561 209 1639 simus
227 1561 357 1638 decem
383 1559 534 1658 diebus,
560 1568 597 1638 et
615 1570 701 1663 post
719 1563 847 1640 decem
875 1562 1007 1642 diebm
1026 1565 1209 1664 equitauit

20 1769 22 1796 ,
110 1687 180 1765 Rex
197 1691 244 1766 ad
262 1688 538 1789 Sarospathak.

200 1818 251 1894 Et
278 1841 403 1894 arcem
429 1820 583 1895 tenebat
615 1815 744 1894 Simon
780 1817 974 1896 Literatus
1000 1818 1134 1898 Sclaus
1163 1819 1208 1896 de

20 1943 21 1948 ‘
111 1941 269 2046 lthyna3
295 1946 535 2044 quamobrem
552 1951 653 2021 totus
671 1943 740 2019 toti
759 1943 937 2020 obediuit.
967 1945 1019 2020 Et
1037 1945 1210 2022 officialis

109 2071 178 2147 rice
204 2072 390 2150 concessit
415 2094 539 2146 arcem
566 2070 693 2146 Patak
720 2069 819 2166 Regi
845 2071 998 2147 Joanni.
1027 2072 1080 2148 Et
1106 2079 1210 2149 ante-

20 2219 21 2300 ζ
109 2221 205 2296 quam
222 2206 332 2275 erant
350 2221 457 2276 arces
476 2197 614 2274 domini
632 2197 659 2276 J
660 2197 793 2274 oomnis
812 2195 931 2294 Regis
949 2205 1116 2298 tempore
1130 2201 1210 2275 vai·

20 2341 21 2424 t
109 2327 231 2404 uolatu
251 2351 341 2426 suo,
362 2335 400 2403 et
417 2328 543 2402 omnia
561 2327 842 2426 possessiones,
872 2350 1123 2425 quascumque
1142 2328 1210 2404 ha-

20 2471 22 2494 *
109 2455 207 2530 lebat
240 2453 431 2550 magnifici
469 2454 606 2530 domini
642 2455 877 2542 Palociensis
910 2463 997 2554 post
1028 2455 1211 2531 deiectum

109 2583 260 2660 seminis.
291 2581 344 2656 Et
363 2604 445 2658 cum
464 2582 533 2658 illa
556 2588 635 2658 tota
661 2581 880 2680 possesione
905 2589 1212 2660 remuneraberut

20 2797 22 2808 γ
111 2706 247 2785 Petrum
276 2709 384 2786 Prini
430 2708 513 2786 Rex
541 2709 568 2787 J
570 2733 731 2806 oannes,
762 2733 844 2786 curn
872 2710 1035 2808 quinque
1063 2711 1211 2786 arcibus

20 2909 21 2946 ᾖ
112 2831 301 2915 donauerat
310 2859 394 2914 eum
403 2838 587 2915 latronem
606 2837 813 2918 Scariotem
821 2829 1028 2936 predictum
1046 2839 1210 2916 Petrum.

20 2965 21 3048 ἰ
114 2958 175 3038 Sed
207 2987 356 3064 semper
387 2965 428 3040 in
464 2963 586 3040 odium
623 2963 787 3044 habebat
823 2965 967 3062 Regem
1004 2965 1211 3060 Joannem3

20 3097 21 3132 ³
115 3089 367 3188 propterquod
389 3090 536 3167 furerat
554 3087 645 3192 Ἦν·
666 3097 703 3166 et
722 3092 1017 3169 absconsauerat
1034 3093 1133 3169 clam
1151 3116 1211 3169 co·

115 3237 226 3294 ronam
244 3217 457 3314 angelicam
476 3220 618 3318 absque
646 3219 740 3294 scitu
766 3217 870 3296 Petri
889 3219 1017 3316 Prini;
1038 3220 1212 3317 quoniam

20 3349 21 3436 j
117 3345 206 3420 ambo
223 3347 403 3423 tenebant
421 3368 596 3422 coronam
616 3343 972 3442 angelicaminarce
991 3346 1211 3443 vissegrad,

20 3455 21 3542 ἶ
118 3474 147 3542 et
161 3473 311 3568 quilibet
327 3473 493 3552 habebat
511 3476 657 3551 clauem
677 3496 759 3550 cum
779 3474 886 3550 arthc
905 3475 1139 3552 fabricatam.
1162 3473 1213 3548 Et

20 3593 21 3672 T
117 3598 177 3674 tria
192 3603 389 3680 articulum
408 3589 772 3680 habebae'Joannes
799 3603 982 3702 vaiuoda,
1002 3609 1043 3678 vt
1062 3603 1213 3680 deberet

20 3737 22 3806 l
118 3725 177 3801 sibi
193 3729 364 3829 accipere
383 3753 558 3806 coronam
577 3729 788 3826 angelicam
806 3730 1055 3828 peculiariter.
1074 3728 1213 3822 Primo,

20 3877 22 3948 3
119 3854 198 3948 quod
213 3857 381 3934 totaliter
395 3860 645 3955 juramentum
664 3857 831 3933 iecerunt
846 3857 881 3932 ei
896 3856 1070 3954 Hungari
1088 3855 1214 3952 magni

20 4025 21 4064 ;
118 3987 147 4054 et
161 3986 261 4082 parui
280 3992 449 4084 tempore
477 3986 764 4081 cruciferorum,
794 4007 906 4082 quum
923 3985 978 4058 vti
997 3989 1104 4059 erant
1130 3980 1214 4057 inde

20 4127 22 4190 3
117 4128 235 4207 magna
252 4113 293 4188 in
312 4111 601 4214 desponsione,
631 4120 668 4188 et
695 4119 736 4188 vt
762 4119 848 4212 post
875 4109 1068 4189 decessum
1095 4109 1214 4206 Regis

20 4213 21 4274 ³
118 4227 302 4330 Ludouici,
323 4246 365 4314 vt
382 4240 465 4339 ipse
484 4248 586 4318 esset
603 4240 687 4317 Rex
716 4239 885 4317 Jodnnes
902 4237 1086 4332 vaiuoda3
1107 4237 1216 4312 etita

20 4343 21 4354 .
119 4357 221 4458 ipsum
247 4365 398 4444 edocuit
424 4389 494 4444 sua
513 4369 553 4444 in
572 4391 614 4445 se
633 4368 811 4464 consilia,
831 4373 874 4441 vt
891 4365 1001 4442 debet
1019 4363 1092 4442 sibi
1110 4363 1215 4464 prius

120 4507 273 4569 coronam
292 4494 473 4594 arripere.
494 4493 731 4592 Secundovt
743 4493 892 4590 Regem
897 4495 976 4591 jam
986 4490 1215 4568 Ludouicum

122 4619 282 4706 quomodo
310 4619 420 4696 debet
450 4622 699 4697 exterminare
727 4621 773 4696 de
801 4619 948 4696 mundo.
983 4619 1120 4695 'Porcio
1149 4641 1216 4717 per

125 4757 214 4832 quen
229 4745 351 4824 leuius
369 4753 493 4846 potest
511 4770 553 4825 se
572 4748 696 4848 ipsum
715 4748 886 4825 coronari
903 4753 1071 4932 tempore
1089 4767 1216 4821 neces-

166 4880 257 4928 ldldl.
272 4887 346 4930 lm.
360 4887 378 4928 l.
