3226 5220
1016 455 1025 514 ³
1153 493 1229 574 rre
1382 503 1385 512 ⁴

128 689 213 764 diem
240 689 361 766 Maris
380 689 426 766 de
445 691 554 789 niue,
586 700 624 766 et
654 691 702 768 ad
729 689 1007 768 Ferdinandum
1035 692 1170 768 iterum
1188 717 1230 771 se

130 815 339 910 deelinauit3
359 825 396 892 et
414 825 499 915 post
517 820 658 918 incepit
685 819 820 894 iterum
845 818 1025 894 infestare
1044 819 1071 896 J
1073 843 1231 896 oannem

130 941 270 1039 Regem.
300 943 353 1018 Et
380 943 578 1022 Emerieus
607 943 731 1022 Oibak
756 931 812 1020 'nil
838 947 1066 1022 sublimabat
1089 969 1129 1021 se
1148 947 1230 1042 glo·

27 1157 28 1162 Ν
129 1070 212 1144 rian.
230 1065 455 1166 in'loqnella
479 1094 568 1168 soa,
598 1069 697 1168 quod
724 1071 973 1169 percussisset
999 1071 1146 1168 nigrum
1163 1071 1231 1147 ho·

27 1231 28 1234 ¹
130 1203 262 1275 minem.
282 1199 369 1274 Non
387 1201 541 1294 vigebat
559 1207 635 1274 tarn
654 1201 775 1295 fama,
796 1199 893 1275 siant
910 1200 1109 1277 Valentini
1129 1199 1230 1278 The-

129 1327 209 1422 rek,
228 1327 327 1423 qnod
346 1327 469 1427 eapnd
488 1327 760 1427 amputauisset
776 1327 875 1423 nigri
894 1327 1066 1403 hominis.

222 1455 273 1530 Et
290 1455 345 1530 sie
362 1453 485 1530 finiuit
501 1457 618 1530 vitam
637 1454 742 1530 Iwan
761 1452 864 1530 Char
890 1454 987 1530 inter
1013 1453 1229 1549 Hungaros.

221 1579 326 1656 Inter
345 1579 416 1656 heo
435 1582 554 1656 eciam
572 1582 726 1656 Petrum
745 1580 852 1656 Prini
869 1581 909 1656 in
929 1580 1143 1658 obrobrium
1154 1579 1229 1654 Re-

128 1705 179 1800 gis
202 1705 364 1782 Joannis
401 1707 595 1784 adhesisse
633 1707 681 1782 ad
717 1705 994 1782 Ferdinandum
1022 1706 1230 1782 audiuimus

129 1831 241 1928 Rode,
271 1840 308 1908 et
325 1834 366 1908 in
385 1833 536 1912 Vienna
556 1855 681 1909 eoram
701 1834 806 1930 Rege
835 1833 1067 1910 Ferdinandi
1085 1841 1228 1930 asian,

128 1963 429 2058 etjnramentum
461 1963 615 2040 feeisset
647 1961 885 2038 Ferdinando
916 1963 1037 2040 tribus
1071 1961 1229 2058 visibus,

128 2085 212 2162 siout
238 2088 380 2164 Joanni
409 2087 528 2186 Regis
547 2091 587 2164 in
605 2087 863 2184 Alba-Regali
890 2095 1058 2186 tempore
1076 2110 1231 2164 eorona-

128 2213 245 2290 eionis.
275 2215 336 2290 Ita
355 2222 464 2290 erant
490 2215 664 2312 Hungari
691 2215 827 2292 maturi
846 2217 886 2291 in
904 2215 976 2290 fide
994 2236 1142 2312 eornm,
1161 2237 1230 2314 per

128 2361 226 2436 qoam
251 2341 512 2418 infidelitatem
541 2366 668 2420 eorum
698 2343 940 2441 perdiderunt
966 2365 1138 2438 suorum3
1167 2343 1231 2439 qui

125 2467 403 2562 predecessores
430 2490 557 2544 eornm
582 2491 665 2544 oum
692 2492 830 2564 magna
856 2469 976 2565 fatiga
994 2477 1033 2544 et
1051 2492 1133 2544 eum
1151 2493 1229 2546 ma-

126 2615 195 2686 gna
211 2593 413 2676 effossione
431 2595 627 2692 sanguinis
647 2603 924 2694 occupauerant
941 2596 1187 2673 Pannoniam.

449 2901 781 3006 (onnrrononr
808 2900 891 3006 nr).

219 3101 269 3177 Et
277 3101 326 3176 ad
335 3102 470 3178 festum
479 3101 725 3178 assumoionis
744 3101 865 3177 Maris
883 3100 1226 3202 comperiremus,

129 3232 248 3304 ertone
258 3228 471 3304 audiuimus
490 3227 681 3305 monitam*
682 3233 709 3319 )
727 3251 769 3303 se
788 3224 1096 3330 (Ferdinandnm)
1116 3251 1230 3326 super

130 3375 247 3450 aquam
258 3362 295 3430 et
303 3361 444 3430 terram
459 3378 591 3432 versus
607 3353 855 3451 Hungariam.
877 3354 928 3428 Et
945 3353 1088 3432 Paulus
1106 3355 1228 3431 arohi-

131 3481 479 3582 episeopusPaolum
491 3483 649 3559 Borsolo
660 3483 914 3560 destinauerat
931 3481 979 3557 ad
997 3482 1142 3579 Regem
1160 3483 1187 3560 J
1188 3506 1227 3559 o·

129 3628 265 3706 amem,
285 3617 327 3684 vt
344 3610 501 3706 eligeret
519 3611 667 3708 aliquos
686 3618 860 3709 satrapes
888 3617 926 3684 et
952 3610 1154 3708 epeennias
1179 3609 1228 3685 ad

129 3735 250 3812 vietum
286 3737 387 3814 areis
423 3737 627 3834 Strigonie.
658 3738 709 3812 Et
744 3739 842 3814 latro
873 3737 1041 3814 Thomas
1068 3736 1227 3813 Borsolo

128 3859 255 3960 Regem
275 3886 360 3940 enm
378 3865 495 3939 multa
513 3863 734 3939 adulacione
753 3863 870 3940 verba
888 3863 1000 3938 simul
1019 3883 1102 3938 eum
1125 3860 1228 3936 Luoe

129 3985 280 4065 Kethazi
301 3994 559 4066 extrasserant
576 3989 737 4066 seieeim
757 3989 861 4064 milia
879 3986 1114 4084 florenorum,
1134 3993 1171 4062 et
1187 3993 1229 4062 vt

128 4111 254 4194 Paulus
273 4115 581 4215 archiepiscopus
601 4122 807 4193 assumeret
833 4122 983 4212 gentem
1009 4137 1121 4212 quam
1148 4112 1226 4210 pri·

128 4260 222 4316 nrm.
242 4240 367 4333 Quum
385 4242 738 4341 appropinquabant
746 4240 922 4316 Alemani
937 4263 1070 4316 versos
1081 4237 1225 4335 Strigo·

129 4365 234 4463 niam,
254 4375 293 4444 ei
310 4389 513 4467 preenrsus
532 4391 623 4446 suns
651 4368 835 4468 equitauit
861 4368 934 4444 oito
962 4366 1010 4442 ad
1037 4364 1225 4441 dominnm

131 4511 221 4568 sunm
238 4495 398 4572 Paulum
426 4495 557 4575 Varia
584 4518 667 4572 cnm
693 4496 862 4596 predicta
889 4493 1060 4593 pecnnia.
1091 4493 1142 4568 Et
1169 4492 1223 4570 nil

162 4775 190 4842 ¹)
201 4777 260 4838 lus
271 4777 449 4854 hiajarites
466 4783 633 4851 ,monson
