3248 5210
460 565 511 646 68

459 774 607 846 secatus
626 770 745 860 eraut,
759 762 962 862 etposthec
980 759 1175 863 viuculo*)
1197 784 1264 838 suo
1285 760 1452 859 Georgio
1471 760 1583 838 Zekl

457 897 497 970 iu
514 893 630 970 tercio
659 898 771 990 caput
798 911 905 967 suum
933 895 1126 986 amputare
1153 891 1322 968 iecerunt
1347 889 1386 965 iu
1414 888 1474 964 dic
1493 887 1579 962 divi

458 1019 629 1097 Demetri
664 1017 839 1094 martiris.
879 1017 929 1091 Et
956 1016 1004 1091 sd
1031 1015 1184 1112 Zeghed
1212 1023 1324 1116 caput
1356 1015 1580 1093 destinaue-

456 1153 562 1242 ruut3
593 1145 831 1244 quamobrem
856 1143 929 1241 ipsi
956 1142 1187 1221 adherebant
1213 1144 1267 1239 ei,
1297 1151 1335 1218 et
1361 1151 1474 1242 caput
1497 1143 1580 1220 Ze-

459 1273 662 1370 gbediuum
698 1272 992 1348 obseruauerunt
1027 1277 1216 1368 tamquam
1253 1271 1472 1368 reliquiam;
1503 1272 1580 1346 alii

431 1457 434 1468 Δ
456 1399 603 1498 quidem
616 1397 844 1475 deridebant.
864 1391 953 1499 Ἧι·
984 1397 1035 1470 Et
1053 1397 1107 1473 sio
1125 1397 1324 1496 tripliciter
1350 1397 1481 1474 babuit
1505 1423 1579 1474 ca-

455 1528 643 1602 lamitates
670 1525 710 1598 in
738 1530 879 1600 statera
915 1545 1004 1619 sua,
1043 1521 1217 1598 videlicet
1252 1523 1422 1622 inprimis
1448 1523 1578 1619 ignito

454 1655 553 1730 ferro
573 1675 730 1747 corona,
760 1649 921 1726 secundo
948 1650 1100 1726 isteram
1119 1671 1225 1726 susm
1243 1651 1429 1726 laniantes
1448 1649 1577 1724 denti-

454 1782 546 1874 bus,
575 1777 691 1852 tercio
712 1775 834 1873 capite
861 1774 1042 1872 privatus.
1072 1773 1172 1850 Ecce
1192 1773 1336 1871 Georgi
1357 1773 1484 1851 Sicule
1502 1783 1577 1851 tua

455 1903 658 2004 prophecia
681 1904 761 1999 jam
788 1901 973 1998 completa
997 1907 1066 1978 est.
1095 1900 1257 1978 Dicebat
1284 1901 1370 1976 dum
1398 1909 1575 1978 sanctam

453 2053 599 2109 crucem
635 2029 904 2104 consecrabant
940 2048 1053 2126 super
1088 2049 1192 2124 eum,
1222 2027 1369 2125 quaudo
1397 2027 1573 2104 dicebat:

459 2158 618 2257 „Venite
645 2162 731 2253 post
758 2177 817 2228 me
845 2154 981 2230 iratres
1008 2154 1081 2228 mei
1100 2153 1148 2228 ad
1166 2154 1416 2231 coronandum
1436 2162 1576 2230 contra

452 2307 635 2386 paganos,
655 2289 693 2356 et
710 2301 778 2378 per
796 2279 965 2356 infideles
985 2279 1285 2377 Huugarorum.“
1308 2281 1359 2356 Et
1376 2281 1431 2358 sic
1445 2279 1576 2358 finiuit

452 2409 567 2485 vitam
585 2429 702 2485 suam.

558 2534 729 2612 Secundo
757 2541 972 2610 surrexerat
998 2556 1095 2611 vnus
1128 2534 1305 2612 sacerdos
1332 2533 1575 2613 Laureucius

451 2683 543 2761 pap,
562 2669 640 2736 tam
658 2659 766 2736 tortis
793 2659 853 2736 vir
881 2668 962 2736 erat
989 2667 1027 2735 et
1054 2667 1226 2738 strenuus
1253 2661 1381 2758 miles,
1411 2683 1573 2740 consur-

292 2799 299 2810 ’
450 2795 600 2865 rexerat
609 2783 687 2889 (ad)
698 2791 865 2862 sanctam
876 2809 1035 2883 crucem,
1053 2786 1138 2860 dum
1148 2795 1332 2862 sumserat
1350 2809 1432 2863 cum
1447 2789 1573 2864 multa

449 2921 573 3010 geute.
604 2913 655 2987 Et
680 2913 763 3010 ipse
792 2913 928 2988 multos
955 2911 1125 2989 infideles
1158 2935 1375 3012 expugnare
1405 2915 1571 3007 solebat,

443 3041 514 3137 ,qui
534 3040 716 3116 adversus
735 3060 819 3113 eum
838 3041 1133 3135 consurgebant,
1154 3046 1191 3114 et
1208 3048 1289 3118 erat
1316 3041 1426 3116 valde
1445 3042 1571 3119 famo-

450 3167 620 3244 sissimus
638 3167 707 3241 vir.
737 3165 789 3240 Et
806 3165 965 3242 Paulum
990 3167 1172 3242 Thomori
1201 3167 1371 3244 domiuus
1398 3169 1571 3244 vaiuoda

450 3291 570 3368 erexit
588 3299 674 3389 post
692 3291 825 3389 ipsum.
855 3271 1024 3390 Gumquo
1052 3293 1232 3370 sensisset
1261 3291 1467 3389 Georgium
1485 3301 1570 3368 tam

450 3418 590 3494 crudeli
610 3425 727 3494 morte
747 3425 785 3492 et
803 3417 936 3494 frauda
959 3417 1031 3494 fide
1051 3441 1134 3494 eum
1153 3419 1405 3518 decepissent,
1425 3427 1463 3496 et
1481 3431 1570 3496 erat

451 3568 534 3621 cum
552 3551 674 3620 turma
691 3565 761 3620 sua
775 3545 887 3642 juxta
915 3545 1064 3642 opidum
1092 3545 1230 3642 Bihar‚
1256 3553 1293 3621 et
1312 3547 1428 3622 mults
1446 3545 1568 3621 deua-

446 3671 634 3748 staciones
653 3677 691 3744 et
708 3669 832 3768 spolia
849 3693 894 3745 ac
911 3672 1131 3769 sauguinem
1155 3671 1337 3748 desudens
1355 3672 1454 3748 iuter
1471 3670 1568 3748 fide-

445 3799 502 3876 les
528 3797 744 3876 Waradien.
773 3805 1067 3896 expuguauerat.
1106 3800 1157 3874 Et
1184 3798 1399 3877 Jerouimus
1429 3807 1567 3876 cautor
1608 3857 1609 3873 r

447 3929 539 4002 miro
567 3925 675 4002 modo
702 3926 928 4002 vociferatus
957 3935 1061 4023 erat3
1081 3935 1119 4002 et
1136 3925 1368 4003 Laureucius
1396 3949 1472 4024 pap
1496 3928 1568 4002 ad·
1606 3947 1608 4041 J

446 4052 601 4130 berebet
618 4075 687 4151 per
705 4053 935 4128 voluntatem
952 4073 1059 4128 suam
1069 4052 1114 4128 de
1124 4052 1331 4130 Waradino
1350 4051 1566 4127 oocurcudo
1605 4105 1606 4125 t

445 4179 495 4256 ad
513 4178 763 4276 Kerestuegh.
793 4177 852 4256 Ibi
871 4179 988 4254 eciam
1016 4179 1162 4257 nobiles
1181 4185 1219 4252 et
1236 4179 1417 4256 barroues
1445 4179 1565 4254 custi-

444 4306 551 4404 gauit
568 4313 606 4382 et
623 4313 787 4404 stragem
815 4329 989 4404 magnam
1018 4307 1176 4402 fecerat;
1196 4311 1234 4380 et
1252 4327 1375 4380 arcem
1394 4302 1560 4380 Kercut-
1602 4341 1603 4379 r

444 4431 541 4528 zegb
570 4432 777 4510 obsederat.
815 4431 907 4512 Inde
944 4455 1091 4510 rursum
1118 4431 1163 4507 de
1191 4431 1397 4509 Waradiuo
1434 4428 1563 4508 iactor
1601 4427 1602 4463 ¹

443 4555 652 4656 Gregorius
681 4557 861 4636 Pestieuii
878 4559 1049 4660 promisit
1075 4558 1240 4658 seipsum
1259 4579 1341 4636 cum
1368 4555 1563 4636 nobilibus

477 4843 506 4912 ⁸)
524 4841 726 4918 Helycscbbau
744 4842 929 4908 „summost
