3260 5226
1158 513 1235 594 eet

113 709 162 788 de
183 735 337 790 numero
357 707 574 790 duodecim:
594 710 649 790 ite
667 721 705 790 et
728 711 809 814 ipse
822 714 901 812 jam
929 715 1075 815 ooeepit
1102 737 1171 815 per
1196 739 1238 793 se

7 829 9 862 ¹
113 841 351 918 sentenciam
371 863 489 918 suam.
517 841 663 920 'lamen
681 841 858 942 seriptum
886 849 964 919 est:
988 841 1085 941 „Qui
1103 841 1237 940 querit,

114 967 299 1044 invenit.“
321 967 371 1044 Et
389 969 445 1046 sie
463 967 510 1045 de
528 969 700 1066 singulis.
719 969 770 1044 Et
795 969 918 1068 ipsum
946 971 1236 1064 gubernatorem

115 1095 156 1170 in
195 1094 401 1194 pontificali
438 1095 630 1174 sedentem
666 1097 882 1176 amiserunt.
911 1095 964 1174 Et
990 1095 1127 1172 domini
1158 1099 1238 1196 jos·

115 1229 279 1317 serunt,
317 1221 416 1318 quod
461 1221 664 1318 Hungaros
709 1220 837 1298 ledere
874 1228 1088 1320 nequeent3
1126 1223 1237 1298 hawd

123 1349 362 1426 solummodo
397 1349 542 1426 Tereos
586 1349 733 1448 pedites
769 1349 808 1424 id
844 1355 902 1426 est
931 1349 1239 1448 jagnioharones,

115 1475 267 1574 equites
304 1475 543 1570 Turonium,
581 1475 725 1553 Judeos
762 1483 799 1552 et
836 1473 1010 1572 Gregoos
1045 1478 1086 1553 in
1125 1478 1238 1554 simul

116 1602 570 1690 exterminaredebeant.
607 1601 781 1700 Hungari
809 1603 855 1680 de
884 1603 1036 1680 eiuitate
1062 1612 1241 1702 oeperunt

114 1731 250 1828 fugere
287 1751 357 1828 per
387 1732 543 1828 januam
580 1731 679 1808 areis
725 1731 900 1808 ciuitatis.
939 1731 992 1807 Et
1026 1728 1239 1830 priusquam
1371 1821 1373 1826 ἢ

116 1863 413 1957 eomposuerant
439 1864 578 1934 sortem
605 1857 725 1954 signi,
753 1863 794 1932 vt
821 1858 978 1956 quilibet
1004 1857 1107 1936 virus
1134 1857 1240 1968 ilun-

119 2007 241 2080 gsrus
278 1983 406 2062 dioere
435 1983 571 2060 debeat
610 1989 740 2080 „Vrom
770 1997 852 2062 seat
887 1986 1048 2081 Jraor“;
1086 1986 1176 2083 quia
1202 1985 1241 2060 ln

118 2113 390 2210 proserperet
410 2113 527 2211 ipsius
539 2111 816 2198 Deeoleeionis.
838 2112 889 2188 ut
906 2133 1017 2210 quum
1032 2116 1113 2212 jem
1132 2115 1235 2190 abso·

118 2241 189 2318 luti
208 2240 370 2318 inissent
393 2239 438 2316 de
466 2263 553 2318 aree
581 2239 747 2316 eiuitetis
774 2239 969 2336 Hungeri3
998 2247 1036 2316 et
1063 2239 1242 2318 Vrbanus

118 2367 302 2468 Battyani
312 2367 507 2444 absolutus
526 2373 620 2460 eret,
640 2366 751 2444 valde
769 2389 907 2462 magna
926 2367 1071 2444 asluoie
1089 2373 1173 2442 erat
1189 2367 1239 2442 ab

118 2493 216 2591 ipso.
245 2491 348 2585 Quia
365 2492 531 2570 studiose
549 2496 698 2590 poteret
716 2491 916 2570 defendere
934 2515 997 2588 se,
1017 2500 1055 2568 et
1071 2492 1154 2591 ipse
1172 2493 1240 2569 ha-

117 2619 235 2694 bebat
251 2621 369 2696 bonos
388 2617 529 2694 amieos
557 2618 656 2694 inter
680 2617 889 2717 optimates.
919 2617 1018 2711 Quia
1035 2617 1155 2718 ipsum
1172 2619 1241 2696 teli

119 2745 232 2824 modo
259 2726 493 2824 excusabant
520 2767 623 2840 eum,
654 2745 752 2844 quod
780 2745 828 2822 od
855 2745 1034 2844 quidquid
1051 2747 1159 2843 jubet
1176 2745 1241 2824 do·

119 2873 244 2950 minus
271 2897 363 2950 suus
389 2893 540 2951 seruum
568 2895 674 2950 suum
703 2871 908 2969 od0aliqua
936 2871 1084 2968 agendo
1105 2871 1241 2964 faeere,

119 2999 258 3078 debeat
284 3003 423 3078 faeere.
452 2999 502 3076 Et
528 2999 698 3078 Joanues
726 2999 834 3099 Doey
848 3001 928 3097 jam
947 2998 1161 3098 suplioabat
1178 2999 1242 3078 do·

120 3127 221 3206 mino
250 3127 483 3222 (lonbardo,
522 3127 590 3204 sed
617 3126 787 3204 dominns
825 3124 1062 3204 Gotthardus
1098 3127 1241 3204 nullam

120 3255 257 3332 bonam
285 3255 511 3332 relacionem
538 3253 693 3332 dederat
720 3253 777 3349 ei,
808 3253 874 3330 sed
903 3253 973 3330 heo
991 3254 1088 3330 dixit
1105 3254 1141 3330 ei
1158 3255 1243 3332 bre·

121 3382 219 3456 niter
240 3409 250 3455 ε
275 3381 459 3478 „Domine
486 3379 676 3476 Joannes‚
699 3381 779 3478 jam
807 3385 991 3478 promtum
1015 3386 1074 3457 est
1091 3379 1161 3456 tibi
1180 3403 1243 3457 ex·

121 3509 230 3586 alere
249 3509 296 3584 de
315 3507 387 3586 hoe
406 3507 541 3585 mundo
561 3506 609 3584 ad
627 3515 783 3606 patrem.
811 3507 862 3584 Et
879 3507 961 3602 die;
990 3505 1150 3584 Domine
1168 3529 1243 3582 non

122 3658 205 3712 sum
233 3634 369 3731 diguus
388 3635 543 3732 dignus,
564 3641 605 3720 rt
623 3635 741 3712 intres
759 3636 829 3712 sub
847 3639 984 3710 teotum
1008 3655 1149 3729 meum,
1178 3633 1244 3712 sed

119 3761 465 3859 tantumdioverb0‚
486 3769 524 3839 et
541 3761 736 3839 sanabitur
754 3761 915 3838 anima.“
939 3761 990 3836 Et
997 3761 1168 3838 fecerunt
1177 3760 1242 3838 isti

121 3890 212 3966 boni
231 3887 371 3966 domini
390 3887 598 3966 Christiani
616 3912 729 3966 vuum
748 3888 1022 3984 ooniessorem,
1042 3895 1082 3966 et
1099 3887 1244 3966 oonies·

121 4039 187 4096 sua
205 4015 446 4094 estJosunes
464 4017 586 4118 Dooy.
599 4013 709 4116 ¹⁰0·lb·
722 4031 748 4070 v.
769 4015 819 4092 Et
836 4015 918 4114 ipse
937 4014 1073 4092 sedens
1090 4035 1245 4114 pereus-

122 4166 188 4222 sus
217 4143 291 4220 luit
316 4143 413 4220 sieut
440 4167 551 4221 vnum
580 4167 722 4222 canem.
751 4145 804 4220 Et
823 4149 1012 4235 ¹venerunt
1039 4149 1173 4244 postea
1198 4141 1247 4219 ad

122 4271 311 4348 dominum
339 4271 645 4367 gubernatorem,
675 4277 713 4346 et
740 4271 861 4370 ipsum
890 4293 972 4348 eum
999 4267 1127 4366 gladio
1154 4268 1244 4346 ieri·

123 4399 225 4476 baut.
247 4395 300 4472 Et
309 4397 389 4494 ipse
397 4399 555 4474 leotator
572 4398 724 4476 tulisset
742 4397 995 4474 indumentum
1014 4419 1133 4492 suam,
1146 4393 1245 4494 quod

122 4522 289 4624 diploide
313 4531 424 4618 erat;.
444 4525 541 4602 iuter
560 4547 697 4604 aureos
714 4523 958 4602 inveniebant
975 4544 1172 4600 oonsuen..
1193 4521 1247 4598 Et

123 4649 244 4748 ipsum
273 4649 411 4728 ibidem
428 4650 467 4726 in
495 4651 642 4748 Megies
671 4675 753 4728 eum
780 4649 931 4728 Joanne
958 4647 1069 4751 Dooy
1096 4647 1248 4726 insimul

123 4777 261 4876 sepulti
289 4783 396 4872 suut,
426 4785 465 4854 et
490 4777 529 4854 in
558 4779 731 4856 velamen
760 4777 908 4856 munda.
939 4777 990 4854 Et
1007 4797 1145 4877 pueros
1162 4799 1249 4856 suos
