3226 5220
1018 605 1021 612 .
1116 511 1191 595 155

6 743 7 756 ¹
96 725 187 798 bant.
205 723 253 798 Et
272 724 318 798 de
338 722 479 797 Turcia
497 723 603 798 multi
623 721 775 799 adibant
794 721 1018 815 circaeon,
1039 727 1077 794 et
1096 718 1193 793 ‹lice-

6 837 7 900 3
96 852 175 924 bant
191 873 271 925 eum
288 849 705 948 magnumpropbetam‚
726 855 763 922 et
781 871 916 944 magne
934 847 1077 924 meritis
1096 845 1195 944 apud

97 975 220 1070 Deum,
240 983 279 1051 ct
296 976 426 1074 aliqua
444 977 552 1072 signa
571 976 751 1050 miracula
770 975 928 1050 facien..
951 965 1098 1048 Tuscus
1116 971 1194 1048 Va-

96 1101 247 1178 lentinus
264 1103 304 1176 in
323 1103 481 1178 nihilum
500 1102 724 1201 deputabat,
746 1102 985 1178 ordinauerat
1004 1122 1088 1176 sese
1108 1121 1194 1173 con·

6 1229 7 1250 ¹
96 1235 243 1302 tracum
263 1252 375 1326 quam
393 1235 541 1328 poterat
567 1229 692 1304 facere
712 1230 878 1326 equites3
903 1251 1019 1326 supra
1037 1247 1197 1323 nemppe

96 1351 244 1430 babebat
272 1356 471 1451 sexaginta
498 1362 642 1453 septem
670 1356 825 1453 equites.
855 1353 1032 1429 Attamen
1059 1351 1199 1426 milites

95 1481 277 1556 exercitati
306 1481 417 1557 valde
444 1489 552 1558 crant
577 1482 771 1578 bellicosi,
800 1482 865 1578 qui
893 1479 1065 1556 decolicti
1093 1483 1200 1553 erant

96 1607 138 1681 dc
154 1607 294 1685 Jaccbo
314 1608 462 1708 Banffy,
484 1608 584 1684 etde
604 1632 691 1686 arce
709 1632 778 1685 sua
798 1607 1049 1704 Scigbettwar
1068 1605 1107 1679 in
1127 1604 1199 1677 Ba-

95 1757 205 1834 ronya
231 1735 368 1811 direxit
395 1759 436 1812 se
464 1737 588 1835 ipsum
614 1737 809 1813 circuitum
836 1741 990 1835 repente
1019 1733 1065 1808 de
1093 1738 1202 1830 parte

95 1860 531 1960 Quinque-Ecclesiensi,
562 1871 599 1940 et
616 1865 717 1940 vltra
744 1862 1004 1941 transfretauit
1021 1859 1120 1937 Ister
1138 1857 1203 1933 flui

94 1987 128 2062 in
145 1989 276 2064 vadum
297 1989 421 2083 Boutta,
442 2012 525 2064 cum
544 1990 693 2088 optimis
712 1991 857 2066 viribus
877 1989 968 2066 suis.

190 2111 246 2214 *bl
262 2113 386 2206 Quum
397 2138 479 2190 cum
489 2115 741 2191 intellexisset
758 2115 882 2211 Regia
900 2113 1094 2212 majestas,
1107 2112 1205 2210 qnod

6 2219 7 2228 ἶ
93 2239 309 2316 Valentinus
328 2240 486 2316 Therelr
505 2241 663 2316 attendit
681 2246 811 2315 contra
838 2237 976 2316 Jowan
1004 2237 1128 2333 Char,
1159 2261 1203 2313 eo

93 2373 192 2440 erant
209 2389 335 2444 coram
353 2366 477 2463 Regia
496 2367 700 2464 Majestate
719 2373 852 2462 astam,
874 2373 911 2440 et
929 2365 1013 2442 Rex
1031 2363 1201 2440 notifica·

92 2499 192 2568 uerat
210 2494 317 2590 nigro
337 2493 486 2569 bomine
506 2493 551 2568 de
563 2494 732 2569 nuncciis
751 2495 842 2590 suis,
863 2491 961 2590 quod
976 2492 1207 2570 Valentinus

94 2619 204 2694 tendit
221 2625 352 2696 contra
371 2643 474 2716 eum,
495 2627 537 2695 vt
555 2621 604 2697 sit
621 2621 798 2716 vigilans.
819 2619 871 2694 Et
894 2642 980 2696 mox
1009 2619 1130 2695 iuerat
1158 2615 1205 2692 ad

92 2743 221 2820 lowen
241 2745 355 2822 Char.
377 2747 626 2823 Predixerunt
644 2747 717 2824 sibi
735 2747 837 2823 serni
863 2747 939 2842 sui,
965 2751 1003 2820 et
1022 2768 1107 2820 mox
1127 2743 1206 2818 vai-

7 2921 8 2932 .
91 2872 179 2946 node
197 2872 305 2968 nigro
323 2872 464 2949 bomini
482 2880 783 2972 preparaberunt
809 2897 905 2950 sese.
932 2871 1100 2968 Cumque
1128 2871 1206 2946 Va·

7 3033 8 3052 r
91 2999 248 3074 lentinus
266 2999 422 3075 vidisset
440 2999 649 3078 Tracianos
668 3002 819 3096 milites,
839 3000 1009 3094 tremuit,
1031 2996 1130 3095 quod
1148 3019 1204 3072 es·

93 3133 170 3200 sent
188 3126 338 3223 copiose
357 3149 532 3224 numero;
561 3129 698 3226 etipse
726 3127 838 3204 qun
866 3125 1010 3202 Chare
1029 3145 1209 3200 converso

92 3251 257 3326 ciderunt
276 3273 359 3326 eum
378 3252 570 3328 minimum
588 3254 669 3330 lore
689 3259 818 3329 contra
838 3251 1047 3328 Tracianos
1066 3249 1209 3327 Valen-

7 3465 9 3487 ‚
92 3375 187 3452 tinus
224 3377 393 3453 Therelr.
431 3377 521 3455 Mox
552 3379 601 3454 ad
627 3380 831 3479 imppetum
860 3377 1042 3454 Traciani
1079 3383 1209 3452 contra

92 3502 329 3578 Valentinum
349 3503 482 3601 icrunt,
500 3511 538 3580 et
556 3505 608 3580 ibi
628 3505 856 3582 Valentinus
873 3508 1110 3602 expugnatus
1128 3505 1211 3577 erat

92 3628 217 3724 valde,
248 3629 347 3726 quod
384 3631 467 3729 ipse
495 3655 578 3707 cum
606 3631 738 3729 paucis
775 3631 855 3705 suis
895 3629 1076 3705 militibus
1111 3627 1211 3702 vltra

92 3753 302 3833 Danubium
321 3757 521 3854 equitauit‚
543 3765 580 3833 et
598 3757 709 3834 valde
727 3764 938 3854 perterrere
958 3755 1047 3831 lecit
1065 3755 1208 3832 Valen-

90 3883 214 3958 tinum.
227 3881 337 3974 Quod
355 3885 583 3961 Valentinus
602 3883 876 3980 ulciscebatur,
897 3882 996 3980 quod
1006 3881 1070 3959 isti
1078 3885 1208 3980 pettclc

90 4031 201 4109 snper
220 4031 303 4084 eum
322 4011 534 4108 potenciam
553 4009 775 4087 habuerant.
895 4081 899 4089 ,
1035 4107 1038 4120 ¹

192 4133 244 4209 Et
270 4136 418 4233 quando
447 4136 662 4213 discedebat
695 4137 767 4212 iste
795 4135 904 4230 niger
932 4134 1043 4210 bomo
1071 4153 1206 4207 versus

90 4261 332 4338 Themeswar
350 4261 395 4337 de
420 4261 573 4361 'Phokaj
603 4286 627 4338 a
656 4263 805 4340 Joanne
832 4259 1014 4354 vaiuoda,
1044 4265 1081 4335 et
1107 4257 1208 4333 vltra

9 4439 10 4464 t
90 4385 292 4463 btcrusium
311 4385 377 4463 llui
396 4387 586 4486 opidulum
615 4386 760 4465 Choma
789 4391 1044 4485 ocuppauerat
1073 4390 1209 4460 contra

89 4511 255 4588 dominos
290 4511 477 4590 Ohakien.
515 4535 640 4590 arcem
668 4513 794 4606 illam,
834 4509 962 4588 Obaki
999 4507 1201 4585 Ladislaus

9 4613 10 4650 Ν
89 4640 294 4737 composuit
311 4662 352 4717 se
371 4662 454 4715 cum
472 4639 631 4716 tricenta
658 4639 846 4736 equitibus
866 4635 1081 4734 Hungaris‚
1102 4640 1142 4709 vt
1160 4635 1206 4711 de

9 4747 10 4800 ³
89 4789 172 4844 arce
188 4787 260 4844 sna
278 4767 484 4867 expalleret
502 4765 730 4846 Tracianum
750 4763 950 4844 officialem
968 4759 1197 4840 Tractanum
