3238 5228
354 453 438 531 284

357 676 440 728 men
461 675 572 727 vnum
602 659 759 727 meatum
788 653 1034 730 habueramus
1063 655 1107 729 de
1137 677 1224 730 arae
1254 657 1300 730 ad
1327 662 1472 733 diadar·

357 786 467 876 kapp,
498 779 558 876 qui
587 802 655 854 nos
685 780 927 856 vescebamur
954 780 1059 876 equis
1087 781 1131 854 de
1159 779 1246 856 vitis
1265 781 1473 860 vinearum.

357 905 406 980 Et
434 928 543 1002 quum
581 905 650 980 hoo
678 906 882 982 sensissent
910 903 1109 1002 Germani,
1148 907 1234 982 ilioo
1264 913 1477 984 statuerunt

358 1055 469 1132 super
488 1033 686 1109 monticula
707 1055 817 1108 vnum
837 1045 954 1131 torpp,
975 1041 1012 1108 et
1031 1035 1084 1109 ibi
1103 1034 1285 1110 duxerant
1303 1036 1350 1112 de
1365 1059 1475 1112 nawe

358 1160 451 1236 duras
477 1162 720 1256 bomdardas;
750 1168 786 1236 et
810 1164 888 1259 jam
916 1169 1015 1237 eerte
1044 1162 1180 1239 fuimus
1208 1165 1407 1260 coangusti
1424 1171 1475 1238 et

359 1293 475 1363 artam
495 1288 593 1362 viam
612 1287 831 1362 habuimus.-

464 1414 513 1488 ut
541 1437 636 1490 snus
664 1422 744 1490 erat
773 1421 861 1512 aput
888 1437 955 1488 nos
984 1413 1237 1490 bombardista
1269 1415 1476 1493 monaehus

360 1566 492 1618 nomen
515 1540 684 1618 Andreas
704 1541 831 1617 Sancti
850 1539 1046 1636 Augustini
1074 1541 1285 1636 religionis,
1315 1549 1353 1617 et
1377 1566 1477 1618 vnus

361 1671 418 1744 vir
437 1693 567 1744 nomen
594 1663 795 1745 Ladislaus
822 1668 1095 1766 lumbardiam,
1126 1675 1162 1742 et
1189 1667 1367 1764 magister
1392 1677 1478 1746 erat

360 1797 398 1869 in
426 1795 552 1870 multis
581 1795 766 1892 praetiois.
806 1796 898 1870 Plus
926 1815 999 1869 non
1030 1795 1211 1869 habuerat
1239 1793 1321 1870 Rex
1347 1803 1477 1893 preter

360 1921 462 1996 istos.
484 1918 657 1995 Attamen
676 1943 771 1996 vnus
791 1926 873 1996 erat
891 1918 1103 1996 Germanus
1122 1921 1162 1994 in
1181 1943 1279 2016 arae,
1299 1920 1477 1998 sedmale

361 2071 404 2122 ao
432 2046 631 2122 infideliter
659 2047 845 2124 serviebat
863 2046 961 2141 Regi
989 2046 1149 2134 Joanni,
1179 2048 1276 2144 quod
1304 2049 1471 2143 ingeniis

360 2176 536 2271 pulueres
559 2176 676 2250 multa
703 2173 935 2267 infundebat,
964 2181 1001 2247 et
1027 2173 1260 2274 dirumpebat
1285 2175 1477 2272 ingenius·

361 2301 411 2376 Et
429 2324 499 2396 ego
518 2301 615 2397 vidi,
635 2300 688 2400 ⁸5!
713 2301 872 2398 corripui
901 2323 984 2376 eum
1003 2308 1040 2376 et
1058 2301 1211 2400 insuper
1236 2302 1315 2378 dixi
1335 2302 1477 2399 Regie-

366 2429 474 2524 stati,
505 2436 542 2504 et
569 2428 651 2505 Rex
679 2436 915 2528 praeeperat,
945 2451 991 2503 ne
1020 2429 1181 2527 amplius
1199 2432 1390 2506 laboraret
1407 2429 1477 2506 ille

363 2553 586 2632 Germanus.

470 2683 519 2758 Rt
533 2685 611 2780 jam
640 2689 818 2781 ceperant
845 2667 1012 2777 sagitare
1031 2683 1070 2756 in
1090 2681 1150 2758 die
1176 2682 1272 2760 festo
1301 2681 1479 2758 Omnium

332 2807 572 2884 ,Sanctorum
605 2815 690 2906 post
718 2809 914 2908 prandium
949 2814 1029 2883 oeto
1058 2815 1220 2903 tantum3
1250 2814 1287 2882 et
1314 2809 1479 2884 seeundo

360 2933 419 3007 die
446 2935 611 3028 sagitare
659 2919 867 3030 sagitarunt
903 2943 1060 3011 eentum.
1099 2935 1149 3010 Et
1183 2935 1343 3031 vndique
1369 2944 1480 3032 parte

360 3059 545 3134 ciuitatem
575 3059 714 3136 Buden.
746 3062 867 3137 menia
893 3070 930 3136 et
957 3063 1130 3158 globulos
1157 3067 1374 3160 preceperat
1392 3060 1478 3137 Rex

360 3187 546 3282 Joannes,
567 3195 608 3262 vt
625 3211 753 3264 omnes
773 3211 867 3285 quos
885 3195 1040 3287 possent
1068 3187 1343 3286 eprehendere,
1363 3187 1479 3263 vehe-

360 3319 443 3388 rent
461 3313 658 3392 adaroem
688 3313 851 3410 Eodem,
882 3315 926 3388 de
955 3315 1127 3391 omnibus
1154 3314 1318 3410 globolis
1347 3314 1481 3390 darent.

361 3439 395 3513 ei
405 3438 597 3516 duodecim
607 3441 757 3518 solidos.
777 3442 827 3516 Et
837 3464 909 3537 ego
919 3463 1031 3516 vnum
1053 3441 1247 3542 sapiebam
1259 3445 1480 3537 etportaue·

360 3589 440 3641 ram
459 3575 544 3642 ante
564 3565 707 3664 Regem
735 3569 989 3664 proieceram,
1013 3567 1098 3663 quia
1118 3573 1254 3642 etatem
1273 3566 1480 3642 habueram

362 3693 630 3769 infortitudine
650 3695 780 3770 eodem
801 3702 979 3792 tempore.

468 3819 518 3894 Et
546 3819 697 3897 Turkos
734 3821 876 3919 equites
915 3819 998 3895 Rex
1036 3841 1110 3894 non
1139 3819 1333 3893 dimitebat
1372 3825 1483 3894 extra

362 3927 566 4040 ciuitatem3
587 3953 624 4023 et
643 3948 716 4046 ipsi
735 3949 956 4024 intrinseeus
977 3969 1112 4042 magno
1132 3945 1252 4020 dolori
1274 3937 1482 4044 mancipati
1539 4035 1545 4048 ι

362 4079 487 4166 erant,
517 4095 665 4168 surgen.
696 4095 808 4172 super
838 4095 952 4169 equos
980 4093 1068 4147 suos
1087 4077 1125 4144 et
1142 4070 1273 4147 hastas
1306 4071 1482 4148 manibus

362 4197 557 4274 vibrabant
594 4207 631 4273 et
668 4198 715 4274 ad
742 4199 867 4297 paries
905 4197 1116 4294 dirigebant
1154 4219 1198 4270 ao
1239 4195 1480 4290 frangebant.

362 4325 597 4403 Solummodo
617 4325 819 4422 Huugaros
839 4326 1061 4400 dimitebant
1082 4331 1191 4400 extra
1219 4323 1408 4398 ciuitatem
1434 4323 1483 4398 ad

361 4450 581 4528 dueiandum
609 4457 739 4528 eontra
758 4448 965 4528 Alemanos
985 4457 1134 4549 partes,
1156 4455 1193 4524 et
1210 4469 1397 4547 pauperes
1417 4472 1482 4524 no·

360 4585 456 4654 stros
491 4601 578 4674 sepe
609 4579 881 4676 expugnabant
916 4595 1034 4674 vsque
1062 4577 1109 4650 ad
1139 4582 1283 4674 portam
1314 4573 1477 4651 Buden..

362 4704 411 4777 Et
430 4705 483 4778 nil
502 4710 674 4800 poterant
695 4709 884 4778 nostrates
904 4723 986 4777 oum
1006 4703 1061 4778 eis
1080 4701 1268 4800 optinere,
1298 4700 1366 4776 sed
1384 4723 1480 4777 sem·
