3238 5228
1121 504 1199 588 3οἸ

104 704 323 782 muniebant
339 725 464 782 muros
482 702 647 782 eiusdem
667 705 777 802 areis,
797 710 836 782 et
852 702 1201 787 LadislausFiebor

100 833 164 930 jam
180 831 403 932 perterritus
421 837 524 928 erst3
554 838 592 907 et
618 830 731 910 istum
758 831 952 911 Idumeum
970 833 1201 912 Jeronimum

104 955 211 1037 Laoki
229 961 327 1037 olam
346 958 394 1036 ad
412 982 453 1037 se
471 981 608 1037 vocare
626 960 787 1057 lecerat,
817 967 855 1038 et
873 961 995 1061 ipsum
1012 963 1125 1041 valde
1141 986 1200 1041 re·

105 1093 350 1164 muneranerat
376 1109 458 1163 oum
486 1087 676 1183 argenteis
704 1087 827 1184 vasis,
857 1095 895 1163 et
911 1087 1047 1166 aureis.
1077 1090 1128 1165 Et
1145 1090 1200 1168 sio

104 1235 174 1289 enm
199 1214 475 1292 deliberauerat
500 1213 737 1314 Vaywodioh
765 1213 908 1310 Laoki‚
939 1223 976 1291 et
994 1216 1093 1312 qnod
1108 1239 1199 1313 pan·

105 1363 199 1438 peres
227 1341 345 1419 'Puroi
373 1341 669 1436 consensissent,
698 1341 796 1440 quod
822 1341 956 1420 luisset
980 1342 1108 1441 aliqua
1124 1351 1200 1420 tra-

104 1465 186 1544 ‹lioio
211 1491 279 1569 per
307 1467 450 1565 Laoki,
490 1477 638 1546 atamen
674 1469 847 1546 simulau.
884 1475 976 1548 erat.
1015 1466 1091 1544 Sed
1117 1469 1201 1548 Rex

105 1615 231 1693 pauper
258 1595 476 1674 reeordatus
512 1603 594 1673 erat
619 1619 709 1695 sepe
736 1597 776 1671 in
804 1595 915 1672 eorde
942 1616 1031 1690 suo,
1061 1603 1098 1672 et
1126 1618 1200 1674 non

104 1707 217 1796 ualde
246 1723 394 1800 solebat
420 1747 503 1800 eum
531 1723 680 1818 videre,
711 1723 798 1822 quia
825 1723 889 1820 qni
917 1722 1029 1800 audet
1053 1723 1201 1802 tradere

104 1843 274 1925 lominum
293 1872 422 1946 snum,
449 1851 609 1926 libenter
637 1848 754 1926 eciam
782 1849 893 1926 unslet
909 1849 1118 1928 interficere
1137 1851 1201 1928 slo-

105 1973 228 2052 minum
246 1998 365 2052 suum.
395 1974 469 2052 Sed
497 1999 644 2076 semper
668 1975 833 2052 habebat
858 1975 1004 2074 pedites
1031 1978 1203 2056 robmtos
1235 1966 1240 1974 ”

104 2100 193 2178 viros
219 2100 423 2200 Hungaros
451 2103 499 2178 ad
523 2109 669 2202 portam
696 2124 820 2198 susm,
841 2109 879 2177 et
896 2101 1117 2200 permitebat
1134 2104 1200 2179 ha·

103 2225 180 2304 bere
197 2252 302 2306 arma
320 2231 390 2308 sub
408 2235 514 2308 vaste
528 2229 756 2327 janitoribus
774 2227 931 2325 habere,
952 2230 1041 2328 qnia
1059 2232 1202 2310 neseia-

104 2350 158 2430 bat
174 2356 230 2432 oui
249 2357 412 2434 eredere.

197 2483 248 2558 Et
265 2485 363 2560 inter
381 2485 452 2560 heo
470 2483 680 2561 audiuimus
706 2483 893 2560 dominum
917 2483 1202 2581 gubernatorem

105 2615 286 2687 uenturum
303 2611 383 2687 lore
402 2611 441 2686 in
459 2611 624 2708 Zeghed.
651 2611 703 2686 Et
719 2610 824 2686 venit
840 2609 924 2686 Rex
941 2609 990 2686 ad
1006 2632 1114 2687 suam
1131 2611 1200 2688 vil·

105 2732 169 2810 lam
186 2735 302 2814 Saone
321 2736 469 2814 Corone
485 2737 826 2832 adMesternallas3
846 2743 884 2812 et
901 2735 952 2811 ibi
970 2737 1204 2834 pernootauit

105 2865 226 2938 etcum
245 2886 290 2940 eo
307 2841 470 2964 cynah.
498 2863 614 2940 Mane
641 2862 804 2942 surrexit
830 2860 912 2938 Rex
939 2869 1024 2959 post
1049 2861 1201 2941 missam

105 2986 312 3066 audiendam
339 2968 387 3066 aul
413 2990 713 3088 Thiaawarsan3
733 2995 771 3065 et
787 2990 826 3064 in
845 2991 978 3069 diebus
1003 2997 1086 3070 erat
1111 3013 1201 3088 qua-

104 3117 174 3190 tuor
188 3123 397 3216 temporum
415 3115 624 3194 natiuitatis
643 3115 797 3194 Domini
816 3116 904 3194 anni
925 3111 1040 3194 1537.
1175 3169 1183 3181 ·

341 3401 672 3508 (cnuununun
708 3399 945 3507 nmium).

197 3627 248 3701 Et
275 3625 392 3703 Gritti
420 3627 523 3704 venit
541 3626 590 3702 ml
616 3626 760 3725 Regem
788 3625 981 3704 solumodo
1000 3625 1107 3702 ambo
1125 3629 1200 3704 tra·

28 3827 29 3840 N
107 3748 183 3823 etati
200 3758 309 3828 erant
326 3753 365 3828 in
384 3753 616 3832 sermonibus
642 3753 736 3832 suis.
765 3753 948 3832 Dominus
974 3754 1202 3850 gubernator

28 3849 30 3928 l

107 3868 223 3952 itemm
241 3883 446 3956 retrorsum
465 3878 616 3956 sederat
634 3877 682 3954 ad
700 3878 899 3974 Turoiam‚
918 3878 986 3954 sed
1002 3899 1202 3976 personam

108 4017 195 4077 anan
212 4025 327 4079 vnum
346 4003 498 4082 Talium
520 4005 685 4083 Turonm
711 4007 880 4102 elegerat
907 4027 1040 4083 uersus
1058 4005 1202 4082 Budnm

108 4143 176 4202 onm
191 4129 278 4208 aliis
297 4130 444 4209 Turois.
474 4131 526 4208 nt
552 4155 664 4230 quum
683 4130 821 4234 (lybak
846 4131 1043 4210 Emerious
1061 4133 1200 4210 sensis·

108 4257 164 4347 tet
181 4256 278 4354 qnod
296 4256 466 4335 dominus
486 4255 603 4336 Gritti
623 4257 760 4357 aRege
779 4258 915 4336 missus
934 4265 1046 4354 esset,
1066 4259 1201 4336 iterum

109 4390 245 4460 uenerat
272 4381 321 4458 ad
348 4381 490 4480 Regem
525 4383 722 4463 Joannem.
759 4385 810 4460 Et
845 4408 916 4484 ego
944 4409 1069 4464 eoram
1094 4384 1201 4482 Rege

28 4555 29 4604 3
109 4508 280 4607 astabam,
311 4518 351 4586 et
368 4511 480 4588 valde
494 4511 663 4590 dominus
688 4511 893 4613 (lybakad
910 4511 1055 4609 Regem
1073 4511 1200 4610 loque-

28 4671 29 4720 r
109 4625 203 4713 batur
221 4663 230 4710 ι
254 4635 527 4736 „Quamobrem
545 4637 657 4716 istum
674 4659 862 4738 paganum
881 4637 1060 4736 elegisset
1077 4637 1116 4715 in
1133 4659 1201 4735 gu·

110 4753 327 4843 bematotem
343 4761 385 4838 l“
417 4762 627 4865 Optimates
653 4764 826 4865 Hungari
852 4789 926 4845 non
961 4763 1204 4952 {abdigebann
