3226 5220
1133 503 1210 582 211

118 705 182 773 erat
197 701 408 776 consolatus
427 707 604 795 tanquam
622 723 704 775 eum
723 701 839 778 fratre
857 703 1012 779 carnali.
1034 704 1085 778 Et
1094 705 1210 780 licen·

117 825 195 900 ciam
212 826 505 922 habensaRege
522 827 562 902 in
581 828 711 924 quinta
729 829 825 904 seria
843 830 883 904 in
901 829 1213 927 quadragessimo

117 959 206 1028 nocte
225 954 382 1050 exiliuit,
403 961 440 1029 et
457 954 668 1053 hospicium
682 950 741 1059 ⁶21
765 957 852 1052 igne
872 957 1089 1035 incenderat
1106 965 1215 1035 nocte

115 1079 153 1153 ad
167 1081 307 1178 Regem
334 1083 489 1158 fratrem
518 1105 637 1158 suum.
667 1083 718 1157 Et
736 1090 818 1160 erat
836 1084 875 1158 in
894 1085 1046 1161 ciuitate
1074 1087 1215 1162 clamor

115 1230 276 1304 magnus,
305 1209 359 1283 ita
387 1209 484 1306 quod
512 1232 657 1309 pauper
684 1210 768 1286 Rex
794 1214 988 1288 tremebat.
1017 1213 1148 1288 Eciam
1176 1215 1217 1289 in

115 1337 217 1411 tercia
240 1337 338 1413 feria
365 1335 529 1436 hayduoi
548 1345 657 1414 nocte
676 1338 858 1416 adversus
877 1340 1044 1418 Polonos
1062 1348 1217 1440 propter

117 1483 237 1540 uxores
257 1485 385 1539 eorum
402 1464 607 1562 imppetum
625 1441 803 1562 fecerant,
824 1474 917 1542 etex
935 1475 1093 1565 utraque
1110 1475 1218 1568 parte

117 1591 218 1665 multo
244 1596 383 1666 strates
410 1599 501 1668 erat.
532 1593 583 1666 Et
601 1592 650 1668 ad
668 1592 813 1689 Regem
841 1595 958 1670 multa
986 1595 1219 1692 querimonia

117 1719 295 1814 atingebat
313 1722 457 1816 Regem
475 1719 502 1797 J
503 1743 661 1796 oannem
679 1721 719 1794 in
736 1721 900 1821 Wyhe13
930 1729 1097 1798 attamen
1114 1721 1218 1821 pedi·

117 1852 165 1922 tes
188 1871 271 1924 mox
301 1847 527 1925 obsederant
554 1870 678 1923 arcem
705 1847 859 1949 Wyhel.
889 1850 942 1924 Et
969 1857 1050 1926 erat
1078 1848 1220 1950 Symon
1346 1947 1350 1954 Ι

29 1983 30 1986 ‘
118 1971 218 2050 Dealr
235 1976 413 2052 officialis
431 1975 542 2052 intus.
573 1973 695 2067 Quum
715 1975 873 2054 vidisset
892 1979 989 2074 jam,
1019 1975 1118 2074 quod
1135 2001 1220 2076 pre-

117 2102 255 2177 terierat
273 2126 390 2201 supra
409 2101 617 2200 quindecim
636 2102 737 2199 dies,
768 2105 871 2179 venit
889 2103 928 2178 in
946 2105 1051 2180 illico
1070 2102 1219 2180 Litora·

119 2233 169 2304 tus
185 2227 312 2306 Simon
331 2230 381 2304 ad
398 2229 543 2326 Regem
562 2230 601 2305 in
620 2231 751 2306 sabato
780 2236 880 2307 Oculi
891 2289 899 2326 ,
930 2239 968 2306 et
986 2230 1087 2306 dedit
1105 2231 1142 2306 ei
1161 2255 1221 2308 ar·

29 2389 30 2430 t
121 2377 187 2430 cem
213 2357 338 2435 Vihel.
368 2357 419 2432 Et
438 2356 523 2432 Rex
542 2357 578 2431 ei
596 2381 772 2454 magnum
791 2358 826 2433 ei
844 2357 1036 2456 pollicitus
1056 2365 1157 2454 erat,
1182 2364 1225 2432 vt

120 2482 245 2560 laceret
263 2484 453 2560 domiuum
472 2507 566 2581 eum,
587 2492 625 2560 et
643 2486 795 2582 fecerat,
817 2491 854 2559 et
871 2492 958 2583 post
973 2486 1095 2584 ipsum
1105 2486 1223 2560 multa

121 2613 356 2711 precipiebat3
386 2617 424 2686 et
451 2611 596 2686 demum
624 2611 747 2709 ipsum
785 2611 905 2686 eciam
932 2610 1156 2704 tradiderat,
1186 2618 1224 2686 et

118 2737 352 2831 iuramentum
369 2737 459 2813 fecit
477 2761 603 2815 coram
621 2737 728 2835 Rege
747 2738 773 2816 J
775 2739 908 2832 oanni,
937 2745 978 2813 vt
995 2738 1076 2836 ipse
1095 2739 1167 2815 rite
1186 2744 1225 2812 et

29 2809 31 2938 l
122 2859 266 2942 fideliter
284 2865 446 2942 seruiret
464 2863 574 2961 Regi.

29 2959 30 2986 Ν
213 2993 264 3068 Rt
282 2991 367 3070 Rex
385 2991 501 3067 mouit
518 3014 559 3068 se
579 2991 760 3068 aduersus
788 2991 995 3069 Therebes.
1028 2992 1080 3066 Et
1098 3015 1224 3069 arcem

123 3115 303 3199 'lherebes
320 3121 473 3197 tenebat
491 3115 668 3196 Clemens
687 3119 812 3195 Deak.
832 3118 989 3196 Interim
1008 3121 1111 3196 venit
1129 3142 1225 3196 vnus

124 3241 226 3323 lucar
252 3271 336 3324 curn
363 3270 432 3323 sex
459 3247 566 3344 equis
594 3245 640 3322 de
669 3247 747 3322 alia
775 3254 883 3346 parte
913 3245 1160 3343 Germanica,
1190 3253 1227 3321 et

125 3367 196 3447 Rex
211 3397 346 3472 magno
366 3373 507 3450 honore
526 3379 744 3473 susceperat
763 3395 859 3449 eum.
881 3373 965 3470 Ego
985 3374 1136 3472 quidem
1146 3371 1224 3447 vidi

125 3519 197 3572 eum
213 3501 464 3578 ambulantem
482 3523 551 3597 pro
571 3499 700 3598 spacio
725 3499 822 3574 inter
840 3505 982 3576 turmas
1002 3499 1123 3595 Regie
1143 3497 1225 3573 Ma-

122 3624 255 3719 iestatis
274 3635 513 3706 scrutantem.
543 3625 666 3717 Quum
680 3629 760 3724 J'am
784 3626 1054 3722 intellexisset,
1083 3625 1228 3722 Regem

126 3771 191 3826 non
205 3753 297 3829 bene
327 3754 551 3829 existentem
579 3751 677 3828 inter
705 3775 794 3829 suos
822 3753 1101 3846 consiliatores,
1131 3751 1229 3850 quod

126 3873 255 3974 Regem
272 3905 349 3958 uon
366 3882 461 3957 bene
481 3877 677 3974 ducerent,
697 3879 736 3955 in
756 3880 909 3955 exilium
927 3881 1018 3955 iecit
1036 3885 1156 3957 nocte.
1178 3879 1231 3954 Et

127 3999 201 4080 Rex
218 4031 297 4084 oum
317 4008 485 4085 audisset
504 4008 556 4084 ait
575 4003 653 4110 (ad)
674 4007 888 4085 Emerioum
907 4008 1045 4106 Oibak,
1067 4004 1163 4111 (our)
1183 4005 1228 4082 de

127 4131 187 4205 toli
204 4143 408 4212 scrutatore
437 4156 563 4210 curam
582 4158 656 4210 nou
675 4143 816 4232 ageret.
846 4135 935 4234 Ipse
960 4135 1084 4212 dixit:
1109 4133 1231 4232 „Num

129 4257 206 4352 quid
224 4261 298 4337 scio
318 4284 389 4357 ego
408 4267 555 4338 secreta
574 4261 697 4339 cordis
716 4263 868 4338 alieni.“
892 4263 944 4338 Et
962 4263 1047 4339 Rex
1066 4261 1178 4337 cauit.

226 4385 377 4466 Interim
397 4387 607 4487 Gregorius
630 4389 811 4490 Pestieny
829 4391 919 4466 iecit
937 4389 1168 4466 mencionem
1187 4389 1233 4464 de

131 4531 199 4606 me,
229 4515 324 4610 quod
342 4539 412 4612 ego
441 4517 596 4594 fuissem
622 4515 722 4613 Regi
749 4517 987 4594 consiliarius
1005 4539 1074 4615 pro
1093 4515 1231 4612 Cibak,

132 4645 164 4711 et
180 4639 284 4717 valde
302 4665 360 4717 me
380 4641 519 4745 Cybak
537 4643 801 4744 prophanauit.
822 4644 873 4719 Et
890 4643 1056 4743 precium
1074 4643 1231 4742 psaltcrj

132 4763 172 4840 de
196 4763 378 4867 Gregorio
416 4771 596 4873 Pestieny
631 4773 833 4870 rogabam,
863 4773 1231 4956 qu⁰d⁰12¹¹st³⁰⁰¹⁸m
