3294 5208
383 427 409 506 8

383 627 474 702 dum
493 625 649 723 capitis,
670 647 740 702 sua
766 625 916 700 fortuna
943 623 1018 702 iam
1046 625 1230 704 liberatus
1258 624 1351 704 est.“
1384 627 1499 704 Dixit

384 752 576 850 palatinus
594 750 798 826 Nicolaus:
824 749 1014 846 „chiens
1032 751 1210 847 quociens
1228 753 1342 828 ictum
1361 752 1503 832 habeat

385 901 409 953 a
427 885 581 972 tortore,
601 876 718 952 donec
737 883 850 973 caput
868 898 892 950 a
910 899 1068 975 corpore
1090 878 1262 954 abscissa
1280 879 1366 956 sit.“
1392 879 1504 972 Quod

387 1003 532 1079 audiuit
548 1001 751 1078 Ladislaus
770 1001 972 1098 Waidada,
993 1025 1140 1079 crucem
1158 1003 1204 1094 de
1223 1005 1332 1081 cclua
1350 1027 1419 1081 sua
1437 1029 1501 1082 sc·
1622 1072 1623 1086 n

388 1131 448 1206 lus
467 1128 624 1225 accepit,
646 1135 683 1202 et
701 1127 750 1201 ad
768 1149 900 1204 manus
918 1128 1084 1224 tortoris,
1096 1135 1133 1204 et
1149 1135 1269 1206 tortor
1287 1131 1336 1206 ad
1353 1154 1505 1207 manum

382 1248 536 1356 judicis!
561 1261 599 1328 et
617 1251 728 1328 flexis
745 1253 906 1348 genibus
923 1260 982 1330 ter
1000 1255 1179 1330 clamauit
1192 1255 1387 1353 „Jesum“;
1407 1265 1445 1332 et
1462 1257 1506 1332 in

388 1381 510 1480 primo
530 1379 607 1453 ictu
635 1377 737 1452 dedit
765 1399 915 1454 caesum
942 1385 1075 1480 caput;
1103 1385 1140 1454 et
1158 1403 1294 1478 corpus
1321 1383 1508 1480 sepelitur

391 1528 474 1580 cum
493 1504 618 1602 capite
645 1509 737 1601 aput
765 1505 935 1579 sanctum
960 1502 1147 1581 loannem
1173 1506 1214 1580 iu
1241 1507 1406 1584 claustro
1427 1530 1506 1583 mc-

391 1630 596 1706 nachcrum
615 1627 720 1706 cheri
738 1625 774 1730 *)
794 1634 832 1703 et
851 1628 918 1704 sic.

743 1845 1061 1956 crannum
1089 1879 1160 1957 ru.

393 2043 589 2125 Quomodo
606 2043 690 2116 Rex
716 2041 819 2115 idem
845 2040 1046 2114 Ladislaus
1071 2040 1283 2116 Alcmenae
1308 2041 1434 2117 finiuit
1450 2043 1509 2118 ui-
1633 2005 1634 2014 i

798 2171 1102 2240 tamruametc

502 2361 661 2460 Semper
687 2361 910 2438 tristabatur
946 2358 1113 2435 Michael
1150 2355 1196 2434 dc
1223 2368 1342 2437 morte
1377 2363 1511 2439 fratris

370 2527 373 2534 ·
396 2489 456 2564 sui
475 2485 648 2562 Ladislai
676 2484 842 2586 Hunyad
868 2486 909 2560 in
927 2507 990 2580 se,
1019 2509 1095 2561 non
1122 2485 1311 2562 eminebat
1328 2488 1429 2563 aliis.
1459 2488 1512 2561 Et

393 2614 545 2689 tenebat
572 2611 694 2686 adhuc
721 2635 846 2687 arcem
874 2608 1208 2704 diamur-Albam,
1238 2617 1276 2686 et
1302 2612 1511 2708 singilatim

396 2738 590 2813 animabat
609 2743 646 2814 et
665 2738 888 2814 consulebat
906 2742 1102 2832 magnates
1120 2735 1346 2834 Huugarcs,
1364 2746 1406 2814 ut
1424 2738 1510 2814 Rex

396 2863 599 2940 Ladislaus
618 2887 665 2938 ne
683 2863 724 2938 in
741 2885 879 2938 vanum
897 2861 1080 2938 resideret
1098 2861 1265 2958 Budam;
1284 2870 1321 2938 et
1340 2864 1510 2941 dicebat:

402 2988 549 3088 „Quam
575 3011 750 3084 magnum
786 2989 932 3065 hostem
956 2987 1137 3064 habemus
1166 2985 1368 3064 Tartarum
1396 2987 1513 3066 Cesa-

398 3139 488 3211 ram,
508 3122 549 3189 vt
567 3114 651 3190 Rex
670 3115 814 3190 iaceret
831 3115 1169 3210 congregacionem
1178 3114 1276 3190 inter
1294 3113 1514 3210 ilungaros,

399 3246 437 3316 et
464 3262 533 3316 sua
561 3239 746 3314 Maiestas
773 3245 941 3314 moneret
977 3239 1218 3314 exercitum.“
1259 3239 1311 3313 Et
1339 3238 1515 3336 Hungari

399 3373 594 3460 magnates
622 3363 850 3440 adheserunt
877 3363 1036 3439 consilio
1064 3363 1266 3440 Michaelis
1295 3365 1433 3461 Zilagi.
1463 3366 1517 3440 Et

400 3492 553 3590 scripsit
570 3491 753 3590 epistulas
772 3490 976 3567 adomnem
994 3491 1220 3588 comitatum,
1240 3496 1281 3564 vt
1299 3513 1410 3588 quam
1429 3513 1515 3588 per-

402 3617 541 3716 optime
569 3623 791 3715 prepararet
811 3639 896 3692 sese
922 3616 1083 3714 quilibet
1110 3623 1240 3692 contra
1268 3617 1448 3710 cttniccs3
1481 3621 1518 3692 ct

402 3743 569 3819 Michael
587 3743 715 3840 Zilagi
734 3743 904 3838 gaudens
915 3743 1043 3840 vtique
1061 3750 1240 3841 preparet
1257 3766 1298 3818 se
1317 3765 1430 3838 quam
1450 3765 1517 3840 cp-

309 3928 312 3936 .
403 3869 493 3944 time
512 3871 561 3945 ad
577 3869 831 3947 bellicandum
850 3893 933 3944 cum
951 3869 1067 3944 armis
1094 3869 1244 3945 bellicis
1264 3869 1372 3944 varic
1394 3867 1517 3944 modo,

403 3997 455 4072 Et
473 3996 557 4072 Rex
576 3997 752 4074 similiter
769 3996 975 4073 Ladislaus
994 3995 1219 4091 Germanus,
1241 4003 1278 4071 et
1295 3995 1432 4070 vadum
1451 4017 1514 4070 su·

403 4147 472 4220 per
490 4122 643 4199 fluuium
661 4120 850 4219 Danubii,
881 4123 1058 4199 videlicet
1085 4123 1284 4217 Tiderew,
1316 4123 1406 4198 iecit
1435 4121 1519 4196 Rex

406 4256 592 4325 castorem
618 4273 724 4326 suum
752 4251 858 4326 iuxta
887 4249 1048 4328 Gubach
1077 4249 1178 4326 infra
1216 4248 1356 4345 Pesth,
1385 4256 1423 4324 et
1449 4270 1519 4345 per

407 4397 577 4471 campum
604 4375 722 4450 latum
748 4397 867 4473 usque
895 4376 943 4450 ad
970 4375 1109 4452 vadum
1137 4374 1324 4452 Tidcrew.
1354 4371 1522 4449 Michael

407 4497 533 4596 Zilagi
551 4502 700 4598 quidem
729 4525 811 4576 cum
838 4509 1013 4580 strenuus
1041 4501 1225 4578 militibus
1253 4499 1521 4596 Hungarorum

442 4713 477 4778 θ)
490 4681 631 4766 iirtetcck
643 4728 661 4768 a
673 4713 748 4770 caari
767 4711 899 4771 barttck.
