<?xml version="1.0" encoding="UTF-8"?>
<!DOCTYPE html PUBLIC "-//W3C//DTD XHTML 1.0 Transitional//EN"
    "http://www.w3.org/TR/xhtml1/DTD/xhtml1-transitional.dtd">
<html xmlns="http://www.w3.org/1999/xhtml" xml:lang="en" lang="en">
 <head>
  <title>
</title>
<meta http-equiv="Content-Type" content="text/html;charset=utf-8" />
  <meta name='ocr-system' content='tesseract 3.04.00' />
  <meta name='ocr-capabilities' content='ocr_page ocr_carea ocr_par ocr_line ocrx_word'/>
</head>
<body>
  <div class='ocr_page' id='page_1' title='image "./emlkiratamagyar00wenzgoog_0339.png"; bbox 0 0 3238 5228; ppageno 0'>
   <div class='ocr_carea' id='block_1_1' title="bbox 397 487 476 568">
    <p class='ocr_par' dir='ltr' id='par_1_1' title="bbox 397 487 476 568">
     <span class='ocr_line' id='line_1_1' title="bbox 397 487 476 568; baseline 0 0"><span class='ocrx_word' id='word_1_1' title='bbox 397 487 476 568; x_wconf 79' lang='lat'><strong>292</strong></span> 
     </span>
    </p>
   </div>
   <div class='ocr_carea' id='block_1_2' title="bbox 392 693 1522 2066">
    <p class='ocr_par' dir='ltr' id='par_1_2' title="bbox 398 693 1518 1049">
     <span class='ocr_line' id='line_1_2' title="bbox 398 693 1516 801; baseline 0.013 -33"><span class='ocrx_word' id='word_1_2' title='bbox 398 703 440 768; x_wconf 78' lang='lat' dir='ltr'><strong>nt</strong></span> <span class='ocrx_word' id='word_1_3' title='bbox 466 693 622 791; x_wconf 79' lang='lat' dir='ltr'><strong>quilibet</strong></span> <span class='ocrx_word' id='word_1_4' title='bbox 658 693 861 792; x_wconf 85' lang='lat' dir='ltr'><strong>Hungarns</strong></span> <span class='ocrx_word' id='word_1_5' title='bbox 906 704 1031 772; x_wconf 89' lang='lat' dir='ltr'><strong>teneat</strong></span> <span class='ocrx_word' id='word_1_6' title='bbox 1068 721 1153 778; x_wconf 81' lang='lat' dir='ltr'><strong>sese</strong></span> <span class='ocrx_word' id='word_1_7' title='bbox 1196 701 1244 776; x_wconf 96' lang='lat' dir='ltr'><strong>ad</strong></span> <span class='ocrx_word' id='word_1_8' title='bbox 1279 702 1516 801; x_wconf 82' lang='lat' dir='ltr'><strong>pugnandum</strong></span> 
     </span>
     <span class='ocr_line' id='line_1_3' title="bbox 399 820 1518 926; baseline 0.015 -31"><span class='ocrx_word' id='word_1_9' title='bbox 399 843 551 920; x_wconf 86' lang='lat' dir='ltr'><strong>cumque</strong></span> <span class='ocrx_word' id='word_1_10' title='bbox 589 822 760 898; x_wconf 85' lang='lat' dir='ltr'><strong>venerint</strong></span> <span class='ocrx_word' id='word_1_11' title='bbox 787 820 969 901; x_wconf 77' lang='lat' dir='ltr'><strong>Germani</strong></span> <span class='ocrx_word' id='word_1_12' title='bbox 998 823 1045 900; x_wconf 90' lang='lat' dir='ltr'><strong>ad</strong></span> <span class='ocrx_word' id='word_1_13' title='bbox 1074 826 1276 925; x_wconf 88' lang='lat' dir='ltr'><strong>imppetum</strong></span> <span class='ocrx_word' id='word_1_14' title='bbox 1304 829 1344 906; x_wconf 92' lang='lat' dir='ltr'><strong>in</strong></span> <span class='ocrx_word' id='word_1_15' title='bbox 1371 836 1518 926; x_wconf 66' lang='lat' dir='ltr'><strong>cartha,</strong></span> 
     </span>
     <span class='ocr_line' id='line_1_4' title="bbox 398 947 708 1049; baseline 0.003 -26"><span class='ocrx_word' id='word_1_16' title='bbox 398 947 521 1045; x_wconf 89' lang='lat' dir='ltr'><strong>capite</strong></span> <span class='ocrx_word' id='word_1_17' title='bbox 540 947 708 1049; x_wconf 77' lang='lat' dir='ltr'><strong>priuato.</strong></span> 
     </span>
    </p>

    <p class='ocr_par' dir='ltr' id='par_1_3' title="bbox 392 1072 1522 2066">
     <span class='ocr_line' id='line_1_5' title="bbox 505 1072 1514 1182; baseline 0.008 -31"><span class='ocrx_word' id='word_1_18' title='bbox 505 1072 602 1168; x_wconf 85' lang='lat' dir='ltr'>Quia</span> <span class='ocrx_word' id='word_1_19' title='bbox 619 1075 680 1153; x_wconf 92' lang='lat' dir='ltr'><strong>bis</strong></span> <span class='ocrx_word' id='word_1_20' title='bbox 699 1077 867 1153; x_wconf 88' lang='lat' dir='ltr'><strong>fecerant</strong></span> <span class='ocrx_word' id='word_1_21' title='bbox 885 1097 997 1176; x_wconf 89' lang='lat' dir='ltr'><strong>super</strong></span> <span class='ocrx_word' id='word_1_22' title='bbox 1015 1076 1109 1154; x_wconf 88' lang='lat' dir='ltr'><strong>duas</strong></span> <span class='ocrx_word' id='word_1_23' title='bbox 1127 1079 1225 1156; x_wconf 87' lang='lat' dir='ltr'><strong>telas</strong></span> <span class='ocrx_word' id='word_1_24' title='bbox 1244 1081 1396 1159; x_wconf 83' lang='lat' dir='ltr'><strong>cedulae</strong></span> <span class='ocrx_word' id='word_1_25' title='bbox 1414 1079 1514 1182; x_wconf 72' lang='lat' dir='ltr'><strong>esp.</strong></span> 
     </span>
     <span class='ocr_line' id='line_1_6' title="bbox 397 1203 1519 1303; baseline 0.005 -25"><span class='ocrx_word' id='word_1_26' title='bbox 397 1205 494 1280; x_wconf 92' lang='lat' dir='ltr'><strong>intro</strong></span> <span class='ocrx_word' id='word_1_27' title='bbox 513 1203 679 1299; x_wconf 80' lang='lat' dir='ltr'><strong>sagitarc</strong></span> <span class='ocrx_word' id='word_1_28' title='bbox 697 1225 766 1303; x_wconf 90' lang='lat' dir='ltr'><strong>per</strong></span> <span class='ocrx_word' id='word_1_29' title='bbox 785 1203 927 1300; x_wconf 80' lang='lat' dir='ltr'><strong>sagitas</strong></span> <span class='ocrx_word' id='word_1_30' title='bbox 951 1203 1043 1281; x_wconf 89' lang='lat' dir='ltr'><strong>duas</strong></span> <span class='ocrx_word' id='word_1_31' title='bbox 1074 1211 1262 1284; x_wconf 86' lang='lat' dir='ltr'><strong>turtuosas</strong></span> <span class='ocrx_word' id='word_1_32' title='bbox 1285 1229 1367 1284; x_wconf 89' lang='lat' dir='ltr'><strong>cum</strong></span> <span class='ocrx_word' id='word_1_33' title='bbox 1385 1209 1519 1286; x_wconf 88' lang='lat' dir='ltr'><strong>scedu-</strong></span> 
     </span>
     <span class='ocr_line' id='line_1_7' title="bbox 399 1331 1522 1431; baseline 0.003 -24"><span class='ocrx_word' id='word_1_34' title='bbox 399 1331 448 1410; x_wconf 89' lang='lat' dir='ltr'><strong>lis</strong></span> <span class='ocrx_word' id='word_1_35' title='bbox 476 1331 648 1430; x_wconf 87' lang='lat' dir='ltr'><strong>scriptis,</strong></span> <span class='ocrx_word' id='word_1_36' title='bbox 680 1337 718 1406; x_wconf 91' lang='lat' dir='ltr'><strong>et</strong></span> <span class='ocrx_word' id='word_1_37' title='bbox 735 1333 1004 1430; x_wconf 76' lang='lat' dir='ltr'>presentabant</span> <span class='ocrx_word' id='word_1_38' title='bbox 1031 1331 1129 1431; x_wconf 85' lang='lat' dir='ltr'><strong>Regi</strong></span> <span class='ocrx_word' id='word_1_39' title='bbox 1165 1335 1318 1412; x_wconf 72' lang='lat' dir='ltr'><strong>loanni.</strong></span> <span class='ocrx_word' id='word_1_40' title='bbox 1357 1335 1409 1410; x_wconf 85' lang='lat' dir='ltr'><strong>Et</strong></span> <span class='ocrx_word' id='word_1_41' title='bbox 1437 1345 1522 1414; x_wconf 87' lang='lat' dir='ltr'><strong>erat</strong></span> 
     </span>
     <span class='ocr_line' id='line_1_8' title="bbox 397 1456 1518 1559; baseline 0.004 -25"><span class='ocrx_word' id='word_1_42' title='bbox 397 1457 568 1556; x_wconf 85' lang='lat' dir='ltr'><strong>scripta,</strong></span> <span class='ocrx_word' id='word_1_43' title='bbox 615 1457 711 1554; x_wconf 90' lang='lat' dir='ltr'><strong>qnod</strong></span> <span class='ocrx_word' id='word_1_44' title='bbox 757 1456 939 1557; x_wconf 87' lang='lat' dir='ltr'><strong>Majestas</strong></span> <span class='ocrx_word' id='word_1_45' title='bbox 980 1459 1106 1557; x_wconf 79' lang='lat' dir='ltr'><strong>Regia</strong></span> <span class='ocrx_word' id='word_1_46' title='bbox 1142 1482 1210 1538; x_wconf 89' lang='lat' dir='ltr'><strong>sua</strong></span> <span class='ocrx_word' id='word_1_47' title='bbox 1247 1485 1295 1539; x_wconf 90' lang='lat' dir='ltr'><strong>ne</strong></span> <span class='ocrx_word' id='word_1_48' title='bbox 1331 1461 1518 1559; x_wconf 68' lang='lat' dir='ltr'><strong>formidet,</strong></span> 
     </span>
     <span class='ocr_line' id='line_1_9' title="bbox 392 1584 1521 1688; baseline 0.004 -26"><span class='ocrx_word' id='word_1_49' title='bbox 392 1588 469 1684; x_wconf 87' lang='lat' dir='ltr'><strong>jam</strong></span> <span class='ocrx_word' id='word_1_50' title='bbox 506 1584 701 1662; x_wconf 89' lang='lat' dir='ltr'><strong>intendunt</strong></span> <span class='ocrx_word' id='word_1_51' title='bbox 729 1584 777 1660; x_wconf 93' lang='lat' dir='ltr'><strong>ad</strong></span> <span class='ocrx_word' id='word_1_52' title='bbox 803 1585 1061 1663; x_wconf 86' lang='lat' dir='ltr'><strong>recedendum.</strong></span> <span class='ocrx_word' id='word_1_53' title='bbox 1104 1587 1155 1662; x_wconf 87' lang='lat' dir='ltr'><strong>Et</strong></span> <span class='ocrx_word' id='word_1_54' title='bbox 1180 1611 1267 1666; x_wconf 85' lang='lat' dir='ltr'><strong>mox</strong></span> <span class='ocrx_word' id='word_1_55' title='bbox 1300 1589 1415 1688; x_wconf 88' lang='lat' dir='ltr'><strong>jussit</strong></span> <span class='ocrx_word' id='word_1_56' title='bbox 1450 1610 1521 1667; x_wconf 85' lang='lat' dir='ltr'><strong>aua</strong></span> 
     </span>
     <span class='ocr_line' id='line_1_10' title="bbox 398 1710 1521 1811; baseline 0 -21"><span class='ocrx_word' id='word_1_57' title='bbox 398 1715 582 1811; x_wconf 86' lang='lat' dir='ltr'><strong>Majestas</strong></span> <span class='ocrx_word' id='word_1_58' title='bbox 611 1716 784 1807; x_wconf 90' lang='lat' dir='ltr'><strong>quattuor</strong></span> <span class='ocrx_word' id='word_1_59' title='bbox 812 1710 992 1788; x_wconf 89' lang='lat' dir='ltr'><strong>banderia</strong></span> <span class='ocrx_word' id='word_1_60' title='bbox 1019 1735 1157 1809; x_wconf 81' lang='lat' dir='ltr'><strong>magna</strong></span> <span class='ocrx_word' id='word_1_61' title='bbox 1184 1720 1292 1789; x_wconf 89' lang='lat' dir='ltr'><strong>extra</strong></span> <span class='ocrx_word' id='word_1_62' title='bbox 1319 1713 1444 1790; x_wconf 85' lang='lat' dir='ltr'><strong>iacere</strong></span> <span class='ocrx_word' id='word_1_63' title='bbox 1475 1714 1521 1790; x_wconf 92' lang='lat' dir='ltr'><strong>de</strong></span> 
     </span>
     <span class='ocr_line' id='line_1_11' title="bbox 395 1837 1520 1937; baseline 0.001 -17"><span class='ocrx_word' id='word_1_64' title='bbox 395 1840 526 1920; x_wconf 83' lang='lat' dir='ltr'><strong>turrim</strong></span> <span class='ocrx_word' id='word_1_65' title='bbox 554 1837 736 1937; x_wconf 81' lang='lat' dir='ltr'><strong>Stephani</strong></span> <span class='ocrx_word' id='word_1_66' title='bbox 764 1837 952 1936; x_wconf 82' lang='lat' dir='ltr'><strong>Haragos.</strong></span> <span class='ocrx_word' id='word_1_67' title='bbox 982 1839 1110 1916; x_wconf 89' lang='lat' dir='ltr'><strong>Prima</strong></span> <span class='ocrx_word' id='word_1_68' title='bbox 1137 1849 1220 1918; x_wconf 90' lang='lat' dir='ltr'><strong>erat</strong></span> <span class='ocrx_word' id='word_1_69' title='bbox 1236 1848 1389 1919; x_wconf 85' lang='lat' dir='ltr'><strong>extenta</strong></span> <span class='ocrx_word' id='word_1_70' title='bbox 1405 1841 1520 1921; x_wconf 85' lang='lat' dir='ltr'><strong>viridi</strong></span> 
     </span>
     <span class='ocr_line' id='line_1_12' title="bbox 398 1964 1519 2066; baseline -0.003 -20"><span class='ocrx_word' id='word_1_71' title='bbox 398 1967 557 2062; x_wconf 79' lang='lat' dir='ltr'><strong>coloris3</strong></span> <span class='ocrx_word' id='word_1_72' title='bbox 586 1972 623 2040; x_wconf 93' lang='lat' dir='ltr'><strong>et</strong></span> <span class='ocrx_word' id='word_1_73' title='bbox 650 1964 813 2040; x_wconf 88' lang='lat' dir='ltr'><strong>secunda</strong></span> <span class='ocrx_word' id='word_1_74' title='bbox 838 1973 920 2042; x_wconf 87' lang='lat' dir='ltr'><strong>erat</strong></span> <span class='ocrx_word' id='word_1_75' title='bbox 947 1974 1099 2043; x_wconf 85' lang='lat' dir='ltr'><strong>extenta</strong></span> <span class='ocrx_word' id='word_1_76' title='bbox 1117 1966 1193 2044; x_wconf 91' lang='lat' dir='ltr'><strong>albi</strong></span> <span class='ocrx_word' id='word_1_77' title='bbox 1213 1967 1371 2066; x_wconf 87' lang='lat' dir='ltr'><strong>coloris;</strong></span> <span class='ocrx_word' id='word_1_78' title='bbox 1397 1969 1519 2046; x_wconf 79' lang='lat' dir='ltr'><strong>tercia</strong></span> 
     </span>
    </p>
   </div>
   <div class='ocr_carea' id='block_1_3' title="bbox 304 2093 1521 2590">
    <p class='ocr_par' dir='ltr' id='par_1_4' title="bbox 304 2093 1521 2590">
     <span class='ocr_line' id='line_1_13' title="bbox 397 2093 1521 2191; baseline -0.003 -19"><span class='ocrx_word' id='word_1_79' title='bbox 397 2101 481 2172; x_wconf 90' lang='lat' dir='ltr'><strong>erat</strong></span> <span class='ocrx_word' id='word_1_80' title='bbox 500 2099 652 2168; x_wconf 82' lang='lat' dir='ltr'><strong>extenta</strong></span> <span class='ocrx_word' id='word_1_81' title='bbox 675 2093 777 2168; x_wconf 87' lang='lat' dir='ltr'><strong>rubri</strong></span> <span class='ocrx_word' id='word_1_82' title='bbox 797 2093 955 2190; x_wconf 78' lang='lat' dir='ltr'><strong>coloris3</strong></span> <span class='ocrx_word' id='word_1_83' title='bbox 984 2101 1116 2191; x_wconf 81' lang='lat' dir='ltr'><strong>quarta</strong></span> <span class='ocrx_word' id='word_1_84' title='bbox 1134 2099 1292 2171; x_wconf 85' lang='lat' dir='ltr'><strong>extensa</strong></span> <span class='ocrx_word' id='word_1_85' title='bbox 1310 2101 1391 2170; x_wconf 87' lang='lat' dir='ltr'><strong>erat</strong></span> <span class='ocrx_word' id='word_1_86' title='bbox 1408 2093 1521 2170; x_wconf 92' lang='lat' dir='ltr'><strong>liuidi</strong></span> 
     </span>
     <span class='ocr_line' id='line_1_14' title="bbox 397 2217 1521 2316; baseline -0.003 -17"><span class='ocrx_word' id='word_1_87' title='bbox 397 2221 547 2299; x_wconf 87' lang='lat' dir='ltr'><strong>coloris.</strong></span> <span class='ocrx_word' id='word_1_88' title='bbox 578 2217 706 2295; x_wconf 88' lang='lat' dir='ltr'><strong>Prima</strong></span> <span class='ocrx_word' id='word_1_89' title='bbox 724 2217 962 2314; x_wconf 82' lang='lat' dir='ltr'><strong>significabat</strong></span> <span class='ocrx_word' id='word_1_90' title='bbox 989 2219 1207 2296; x_wconf 87' lang='lat' dir='ltr'><strong>memoriam</strong></span> <span class='ocrx_word' id='word_1_91' title='bbox 1227 2220 1402 2316; x_wconf 88' lang='lat' dir='ltr'><strong>Deitatis,</strong></span> <span class='ocrx_word' id='word_1_92' title='bbox 1423 2220 1521 2298; x_wconf 85' lang='lat' dir='ltr'><strong>sicot</strong></span> 
     </span>
     <span class='ocr_line' id='line_1_15' title="bbox 304 2345 1519 2444; baseline 0 -20"><span class='ocrx_word' id='word_1_93' title='bbox 304 2394 307 2408; x_wconf 85' lang='lat'><em>.</em></span> <span class='ocrx_word' id='word_1_94' title='bbox 397 2347 569 2426; x_wconf 90' lang='lat' dir='ltr'><strong>columba</strong></span> <span class='ocrx_word' id='word_1_95' title='bbox 587 2354 753 2444; x_wconf 91' lang='lat' dir='ltr'><strong>tempore</strong></span> <span class='ocrx_word' id='word_1_96' title='bbox 773 2345 864 2421; x_wconf 92' lang='lat' dir='ltr'><strong>dilui</strong></span> <span class='ocrx_word' id='word_1_97' title='bbox 883 2348 1057 2444; x_wconf 88' lang='lat' dir='ltr'><strong>portabat</strong></span> <span class='ocrx_word' id='word_1_98' title='bbox 1074 2368 1215 2423; x_wconf 86' lang='lat' dir='ltr'><strong>ramum</strong></span> <span class='ocrx_word' id='word_1_99' title='bbox 1238 2347 1398 2424; x_wconf 88' lang='lat' dir='ltr'><strong>viridem</strong></span> <span class='ocrx_word' id='word_1_100' title='bbox 1418 2348 1519 2426; x_wconf 88' lang='lat' dir='ltr'><strong>oliue</strong></span> 
     </span>
     <span class='ocr_line' id='line_1_16' title="bbox 396 2474 1519 2590; baseline -0.002 -38"><span class='ocrx_word' id='word_1_101' title='bbox 396 2479 436 2552; x_wconf 90' lang='lat' dir='ltr'><strong>in</strong></span> <span class='ocrx_word' id='word_1_102' title='bbox 455 2498 547 2554; x_wconf 91' lang='lat' dir='ltr'><strong>nasu</strong></span> <span class='ocrx_word' id='word_1_103' title='bbox 567 2475 616 2551; x_wconf 88' lang='lat' dir='ltr'><strong>ad</strong></span> <span class='ocrx_word' id='word_1_104' title='bbox 633 2476 785 2551; x_wconf 88' lang='lat' dir='ltr'><strong>barcam</strong></span> <span class='ocrx_word' id='word_1_105' title='bbox 805 2474 931 2590; x_wconf 79' lang='lat' dir='ltr'><strong>Nune,</strong></span> <span class='ocrx_word' id='word_1_106' title='bbox 948 2477 1028 2574; x_wconf 77' lang='lat' dir='ltr'><strong>Jam</strong></span> <span class='ocrx_word' id='word_1_107' title='bbox 1046 2475 1301 2572; x_wconf 78' lang='lat' dir='ltr'><strong>gaudebamus</strong></span> <span class='ocrx_word' id='word_1_108' title='bbox 1319 2475 1519 2554; x_wconf 83' lang='lat' dir='ltr'><strong>admodum</strong></span> 
     </span>
    </p>
   </div>
   <div class='ocr_carea' id='block_1_4' title="bbox 392 2601 1518 4722">
    <p class='ocr_par' dir='ltr' id='par_1_5' title="bbox 398 2601 1115 2701">
     <span class='ocr_line' id='line_1_17' title="bbox 398 2601 1115 2701; baseline 0.004 -25"><span class='ocrx_word' id='word_1_109' title='bbox 398 2625 478 2700; x_wconf 87' lang='lat' dir='ltr'><strong>nos,</strong></span> <span class='ocrx_word' id='word_1_110' title='bbox 495 2603 557 2701; x_wconf 91' lang='lat' dir='ltr'><strong>qui</strong></span> <span class='ocrx_word' id='word_1_111' title='bbox 576 2607 683 2678; x_wconf 88' lang='lat' dir='ltr'><strong>erant</strong></span> <span class='ocrx_word' id='word_1_112' title='bbox 701 2622 783 2677; x_wconf 91' lang='lat' dir='ltr'><strong>cum</strong></span> <span class='ocrx_word' id='word_1_113' title='bbox 802 2601 910 2678; x_wconf 91' lang='lat' dir='ltr'><strong>Noue</strong></span> <span class='ocrx_word' id='word_1_114' title='bbox 929 2602 969 2677; x_wconf 91' lang='lat' dir='ltr'><strong>in</strong></span> <span class='ocrx_word' id='word_1_115' title='bbox 987 2602 1115 2680; x_wconf 90' lang='lat' dir='ltr'><strong>archa.</strong></span> 
     </span>
    </p>

    <p class='ocr_par' dir='ltr' id='par_1_6' title="bbox 393 2728 1518 3941">
     <span class='ocr_line' id='line_1_18' title="bbox 502 2728 1517 2828; baseline 0 -22"><span class='ocrx_word' id='word_1_116' title='bbox 502 2728 577 2806; x_wconf 83' lang='lat' dir='ltr'><strong>Sed</strong></span> <span class='ocrx_word' id='word_1_117' title='bbox 595 2729 711 2805; x_wconf 73' lang='lat' dir='ltr'><strong>&#39;Purci</strong></span> <span class='ocrx_word' id='word_1_118' title='bbox 731 2737 768 2806; x_wconf 89' lang='lat' dir='ltr'><strong>et</strong></span> <span class='ocrx_word' id='word_1_119' title='bbox 786 2729 967 2807; x_wconf 74' lang='lat' dir='ltr'><strong>&#39;l&#39;raciani</strong></span> <span class='ocrx_word' id='word_1_120' title='bbox 996 2731 1221 2828; x_wconf 81' lang='lat' dir='ltr'><strong>ignorabant</strong></span> <span class='ocrx_word' id='word_1_121' title='bbox 1238 2752 1435 2808; x_wconf 86' lang='lat' dir='ltr'><strong>recessura</strong></span> <span class='ocrx_word' id='word_1_122' title='bbox 1454 2751 1517 2806; x_wconf 88' lang='lat' dir='ltr'><strong>eo·</strong></span> 
     </span>
     <span class='ocr_line' id='line_1_19' title="bbox 395 2853 1518 2954; baseline 0.001 -22"><span class='ocrx_word' id='word_1_123' title='bbox 395 2879 476 2932; x_wconf 88' lang='lat' dir='ltr'><strong>rum</strong></span> <span class='ocrx_word' id='word_1_124' title='bbox 496 2853 782 2934; x_wconf 79' lang='lat' dir='ltr'><strong>Germanorum.</strong></span> <span class='ocrx_word' id='word_1_125' title='bbox 812 2856 1103 2954; x_wconf 85' lang='lat' dir='ltr'><strong>Interrogabant</strong></span> <span class='ocrx_word' id='word_1_126' title='bbox 1130 2857 1268 2954; x_wconf 77' lang='lat' dir='ltr'><strong>Turdi,</strong></span> <span class='ocrx_word' id='word_1_127' title='bbox 1288 2859 1322 2936; x_wconf 91' lang='lat' dir='ltr'><strong>si</strong></span> <span class='ocrx_word' id='word_1_128' title='bbox 1341 2857 1518 2934; x_wconf 85' lang='lat' dir='ltr'><strong>mulieres</strong></span> 
     </span>
     <span class='ocr_line' id='line_1_20' title="bbox 395 2979 1513 3092; baseline -0.001 -35"><span class='ocrx_word' id='word_1_129' title='bbox 395 2983 518 3081; x_wconf 89' lang='lat' dir='ltr'><strong>alique</strong></span> <span class='ocrx_word' id='word_1_130' title='bbox 537 2989 664 3059; x_wconf 82' lang='lat' dir='ltr'><strong>essent</strong></span> <span class='ocrx_word' id='word_1_131' title='bbox 681 3006 829 3080; x_wconf 84' lang='lat' dir='ltr'><strong>crasse3</strong></span> <span class='ocrx_word' id='word_1_132' title='bbox 849 2989 887 3059; x_wconf 91' lang='lat' dir='ltr'><strong>et</strong></span> <span class='ocrx_word' id='word_1_133' title='bbox 905 2983 1066 3062; x_wconf 85' lang='lat' dir='ltr'><strong>diximus</strong></span> <span class='ocrx_word' id='word_1_134' title='bbox 1080 3007 1173 3092; x_wconf 88' lang='lat' dir='ltr'><strong>nos:</strong></span> <span class='ocrx_word' id='word_1_135' title='bbox 1198 2981 1327 3082; x_wconf 68' lang='lat' dir='ltr'><strong>„Sunt</strong></span> <span class='ocrx_word' id='word_1_136' title='bbox 1347 2979 1513 3081; x_wconf 81' lang='lat' dir='ltr'><strong>quarc?“</strong></span> 
     </span>
     <span class='ocr_line' id='line_1_21' title="bbox 395 3107 1516 3210; baseline -0.001 -26"><span class='ocrx_word' id='word_1_137' title='bbox 395 3107 618 3184; x_wconf 89' lang='lat' dir='ltr'><strong>Dixerunt:</strong></span> <span class='ocrx_word' id='word_1_138' title='bbox 652 3109 836 3210; x_wconf 86' lang='lat' dir='ltr'><strong>„Propter</strong></span> <span class='ocrx_word' id='word_1_139' title='bbox 864 3110 961 3209; x_wconf 89' lang='lat' dir='ltr'><strong>quod</strong></span> <span class='ocrx_word' id='word_1_140' title='bbox 990 3111 1145 3209; x_wconf 90' lang='lat' dir='ltr'><strong>equinas</strong></span> <span class='ocrx_word' id='word_1_141' title='bbox 1174 3133 1308 3189; x_wconf 90' lang='lat' dir='ltr'><strong>carnes</strong></span> <span class='ocrx_word' id='word_1_142' title='bbox 1335 3133 1411 3186; x_wconf 91' lang='lat' dir='ltr'><strong>non</strong></span> <span class='ocrx_word' id='word_1_143' title='bbox 1438 3117 1516 3184; x_wconf 87' lang='lat' dir='ltr'><strong>tam</strong></span> 
     </span>
     <span class='ocr_line' id='line_1_22' title="bbox 393 3235 1517 3334; baseline 0.001 -25"><span class='ocrx_word' id='word_1_144' title='bbox 393 3235 592 3332; x_wconf 89' lang='lat' dir='ltr'><strong>babemus;</strong></span> <span class='ocrx_word' id='word_1_145' title='bbox 621 3243 658 3310; x_wconf 92' lang='lat' dir='ltr'><strong>et</strong></span> <span class='ocrx_word' id='word_1_146' title='bbox 675 3235 764 3314; x_wconf 90' lang='lat' dir='ltr'><strong>illas</strong></span> <span class='ocrx_word' id='word_1_147' title='bbox 782 3261 851 3314; x_wconf 93' lang='lat' dir='ltr'><strong>nos</strong></span> <span class='ocrx_word' id='word_1_148' title='bbox 869 3237 1027 3332; x_wconf 83' lang='lat' dir='ltr'><strong>scimus,</strong></span> <span class='ocrx_word' id='word_1_149' title='bbox 1058 3237 1239 3334; x_wconf 91' lang='lat' dir='ltr'><strong>quomodo</strong></span> <span class='ocrx_word' id='word_1_150' title='bbox 1258 3235 1368 3312; x_wconf 91' lang='lat' dir='ltr'><strong>debet</strong></span> <span class='ocrx_word' id='word_1_151' title='bbox 1385 3259 1517 3313; x_wconf 70' lang='lat' dir='ltr'><strong>maure</strong></span> 
     </span>
     <span class='ocr_line' id='line_1_23' title="bbox 398 3359 1517 3461; baseline -0.001 -25"><span class='ocrx_word' id='word_1_152' title='bbox 398 3370 436 3436; x_wconf 86' lang='lat' dir='ltr'><strong>ct</strong></span> <span class='ocrx_word' id='word_1_153' title='bbox 453 3365 641 3460; x_wconf 77' lang='lat' dir='ltr'><strong>coquere,&#39;</strong></span> <span class='ocrx_word' id='word_1_154' title='bbox 657 3385 702 3436; x_wconf 89' lang='lat' dir='ltr'><strong>ae</strong></span> <span class='ocrx_word' id='word_1_155' title='bbox 731 3385 798 3461; x_wconf 87' lang='lat' dir='ltr'><strong>per</strong></span> <span class='ocrx_word' id='word_1_156' title='bbox 826 3362 1052 3441; x_wconf 85' lang='lat' dir='ltr'><strong>comedere.“</strong></span> <span class='ocrx_word' id='word_1_157' title='bbox 1085 3361 1167 3438; x_wconf 91' lang='lat' dir='ltr'><strong>Hec</strong></span> <span class='ocrx_word' id='word_1_158' title='bbox 1195 3383 1349 3460; x_wconf 89' lang='lat' dir='ltr'><strong>cumque</strong></span> <span class='ocrx_word' id='word_1_159' title='bbox 1368 3359 1517 3438; x_wconf 88' lang='lat' dir='ltr'><strong>audien.</strong></span> 
     </span>
     <span class='ocr_line' id='line_1_24' title="bbox 395 3485 1517 3586; baseline 0.002 -23"><span class='ocrx_word' id='word_1_160' title='bbox 395 3487 590 3582; x_wconf 88' lang='lat' dir='ltr'><strong>mulieres,</strong></span> <span class='ocrx_word' id='word_1_161' title='bbox 620 3488 839 3586; x_wconf 89' lang='lat' dir='ltr'><strong>inceperunt</strong></span> <span class='ocrx_word' id='word_1_162' title='bbox 864 3489 951 3566; x_wconf 89' lang='lat' dir='ltr'><strong>ilico</strong></span> <span class='ocrx_word' id='word_1_163' title='bbox 979 3496 1139 3566; x_wconf 90' lang='lat' dir='ltr'><strong>tremere</strong></span> <span class='ocrx_word' id='word_1_164' title='bbox 1167 3513 1212 3565; x_wconf 91' lang='lat' dir='ltr'><strong>ac</strong></span> <span class='ocrx_word' id='word_1_165' title='bbox 1240 3487 1323 3564; x_wconf 91' lang='lat' dir='ltr'><strong>Deo</strong></span> <span class='ocrx_word' id='word_1_166' title='bbox 1352 3485 1517 3565; x_wconf 87' lang='lat' dir='ltr'><strong>deuotis·</strong></span> 
     </span>
     <span class='ocr_line' id='line_1_25' title="bbox 395 3611 1517 3722; baseline -0.002 -32"><span class='ocrx_word' id='word_1_167' title='bbox 395 3614 487 3690; x_wconf 84' lang='lat' dir='ltr'><strong>sime</strong></span> <span class='ocrx_word' id='word_1_168' title='bbox 506 3611 722 3712; x_wconf 85' lang='lat' dir='ltr'><strong>deprecare.</strong></span> <span class='ocrx_word' id='word_1_169' title='bbox 749 3615 798 3692; x_wconf 86' lang='lat' dir='ltr'><strong>Et</strong></span> <span class='ocrx_word' id='word_1_170' title='bbox 816 3615 976 3722; x_wconf 85' lang='lat' dir='ltr'><strong>secundo</strong></span> <span class='ocrx_word' id='word_1_171' title='bbox 994 3615 1054 3690; x_wconf 91' lang='lat' dir='ltr'><strong>die</strong></span> <span class='ocrx_word' id='word_1_172' title='bbox 1073 3615 1207 3692; x_wconf 82' lang='lat' dir='ltr'><strong>brimus</strong></span> <span class='ocrx_word' id='word_1_173' title='bbox 1226 3613 1387 3692; x_wconf 92' lang='lat' dir='ltr'><strong>absoluti</strong></span> <span class='ocrx_word' id='word_1_174' title='bbox 1405 3611 1517 3690; x_wconf 86' lang='lat' dir='ltr'><strong>Beati</strong></span> 
     </span>
     <span class='ocr_line' id='line_1_26' title="bbox 394 3737 1516 3838; baseline -0.001 -25"><span class='ocrx_word' id='word_1_175' title='bbox 394 3737 555 3838; x_wconf 83' lang='lat' dir='ltr'><strong>apostoli</strong></span> <span class='ocrx_word' id='word_1_176' title='bbox 574 3738 720 3817; x_wconf 83' lang='lat' dir='ltr'><strong>Thome</strong></span> <span class='ocrx_word' id='word_1_177' title='bbox 740 3749 827 3818; x_wconf 91' lang='lat' dir='ltr'><strong>ante</strong></span> <span class='ocrx_word' id='word_1_178' title='bbox 846 3741 1093 3820; x_wconf 88' lang='lat' dir='ltr'><strong>Natiuitatcm</strong></span> <span class='ocrx_word' id='word_1_179' title='bbox 1113 3741 1277 3838; x_wconf 83' lang='lat' dir='ltr'><strong>Domini,</strong></span> <span class='ocrx_word' id='word_1_180' title='bbox 1298 3741 1360 3838; x_wconf 90' lang='lat' dir='ltr'><strong>qui</strong></span> <span class='ocrx_word' id='word_1_181' title='bbox 1378 3739 1516 3818; x_wconf 77' lang='lat' dir='ltr'><strong>testum</strong></span> 
     </span>
     <span class='ocr_line' id='line_1_27' title="bbox 394 3865 519 3941; baseline 0.008 -1"><span class='ocrx_word' id='word_1_182' title='bbox 394 3865 519 3941; x_wconf 82' lang='lat' dir='ltr'><strong>habet.</strong></span> 
     </span>
    </p>

    <p class='ocr_par' dir='ltr' id='par_1_7' title="bbox 392 3990 1516 4722">
     <span class='ocr_line' id='line_1_28' title="bbox 500 3990 1510 4072; baseline 0.002 -6"><span class='ocrx_word' id='word_1_183' title='bbox 500 3991 552 4067; x_wconf 85' lang='lat' dir='ltr'><strong>Et</strong></span> <span class='ocrx_word' id='word_1_184' title='bbox 568 3990 698 4068; x_wconf 89' lang='lat' dir='ltr'><strong>eodem</strong></span> <span class='ocrx_word' id='word_1_185' title='bbox 718 3993 757 4068; x_wconf 92' lang='lat' dir='ltr'><strong>in</strong></span> <span class='ocrx_word' id='word_1_186' title='bbox 785 3993 979 4072; x_wconf 77' lang='lat' dir='ltr'><strong>obsidione</strong></span> <span class='ocrx_word' id='word_1_187' title='bbox 1008 3993 1113 4070; x_wconf 91' lang='lat' dir='ltr'><strong>Bude</strong></span> <span class='ocrx_word' id='word_1_188' title='bbox 1141 4015 1239 4070; x_wconf 91' lang='lat' dir='ltr'><strong>anno</strong></span> <span class='ocrx_word' id='word_1_189' title='bbox 1267 3992 1392 4070; x_wconf 87' lang='lat' dir='ltr'><strong>adhuc</strong></span> <span class='ocrx_word' id='word_1_190' title='bbox 1421 3992 1510 4068; x_wconf 91' lang='lat' dir='ltr'><strong>dum</strong></span> 
     </span>
     <span class='ocr_line' id='line_1_29' title="bbox 392 4117 1516 4223; baseline 0 -29"><span class='ocrx_word' id='word_1_191' title='bbox 392 4119 607 4196; x_wconf 70' lang='lat' dir='ltr'><strong>scribebant</strong></span> <span class='ocrx_word' id='word_1_192' title='bbox 646 4117 748 4196; x_wconf 81' lang='lat'>1536</span> <span class='ocrx_word' id='word_1_193' title='bbox 785 4144 854 4220; x_wconf 88' lang='lat' dir='ltr'><strong>per</strong></span> <span class='ocrx_word' id='word_1_194' title='bbox 891 4121 1045 4198; x_wconf 88' lang='lat' dir='ltr'><strong>Petrum</strong></span> <span class='ocrx_word' id='word_1_195' title='bbox 1082 4121 1282 4223; x_wconf 83' lang='lat' dir='ltr'><strong>Petronytt</strong></span> <span class='ocrx_word' id='word_1_196' title='bbox 1315 4119 1516 4196; x_wconf 84' lang='lat' dir='ltr'><strong>Emericus</strong></span> 
     </span>
     <span class='ocr_line' id='line_1_30' title="bbox 393 4243 1514 4348; baseline 0.001 -28"><span class='ocrx_word' id='word_1_197' title='bbox 393 4243 525 4321; x_wconf 87' lang='lat' dir='ltr'><strong>Bebek</strong></span> <span class='ocrx_word' id='word_1_198' title='bbox 536 4247 575 4322; x_wconf 92' lang='lat' dir='ltr'><strong>in</strong></span> <span class='ocrx_word' id='word_1_199' title='bbox 586 4269 671 4322; x_wconf 89' lang='lat' dir='ltr'><strong>arce</strong></span> <span class='ocrx_word' id='word_1_200' title='bbox 693 4245 858 4325; x_wconf 88' lang='lat' dir='ltr'><strong>Budeusi</strong></span> <span class='ocrx_word' id='word_1_201' title='bbox 878 4250 1081 4348; x_wconf 87' lang='lat' dir='ltr'><strong>copulabat</strong></span> <span class='ocrx_word' id='word_1_202' title='bbox 1099 4248 1277 4324; x_wconf 80' lang='lat' dir='ltr'><strong>ancillam</strong></span> <span class='ocrx_word' id='word_1_203' title='bbox 1287 4269 1399 4322; x_wconf 87' lang='lat' dir='ltr'><strong>vnam</strong></span> <span class='ocrx_word' id='word_1_204' title='bbox 1415 4243 1514 4322; x_wconf 83' lang='lat' dir='ltr'><strong>Gre-</strong></span> 
     </span>
     <span class='ocr_line' id='line_1_31' title="bbox 392 4371 1514 4473; baseline 0.002 -27"><span class='ocrx_word' id='word_1_205' title='bbox 392 4391 491 4467; x_wconf 79' lang='lat' dir='ltr'><strong>gam.</strong></span> <span class='ocrx_word' id='word_1_206' title='bbox 513 4371 564 4448; x_wconf 82' lang='lat' dir='ltr'><strong>nt</strong></span> <span class='ocrx_word' id='word_1_207' title='bbox 582 4372 666 4450; x_wconf 84' lang='lat' dir='ltr'><strong>Rex</strong></span> <span class='ocrx_word' id='word_1_208' title='bbox 686 4373 797 4454; x_wconf 88' lang='lat' dir='ltr'><strong>valde</strong></span> <span class='ocrx_word' id='word_1_209' title='bbox 816 4373 935 4451; x_wconf 91' lang='lat' dir='ltr'><strong>iratus</strong></span> <span class='ocrx_word' id='word_1_210' title='bbox 955 4383 1036 4452; x_wconf 91' lang='lat' dir='ltr'><strong>erat</strong></span> <span class='ocrx_word' id='word_1_211' title='bbox 1055 4395 1169 4473; x_wconf 89' lang='lat' dir='ltr'><strong>super</strong></span> <span class='ocrx_word' id='word_1_212' title='bbox 1195 4373 1280 4470; x_wconf 90' lang='lat' dir='ltr'><strong>bic,</strong></span> <span class='ocrx_word' id='word_1_213' title='bbox 1307 4395 1376 4449; x_wconf 89' lang='lat' dir='ltr'><strong>nec</strong></span> <span class='ocrx_word' id='word_1_214' title='bbox 1403 4371 1514 4448; x_wconf 69' lang='lat' dir='ltr'><strong>matri</strong></span> 
     </span>
     <span class='ocr_line' id='line_1_32' title="bbox 392 4497 1512 4598; baseline 0 -26"><span class='ocrx_word' id='word_1_215' title='bbox 392 4519 460 4572; x_wconf 87' lang='lat' dir='ltr'><strong>suo</strong></span> <span class='ocrx_word' id='word_1_216' title='bbox 479 4505 629 4596; x_wconf 90' lang='lat' dir='ltr'><strong>poterat</strong></span> <span class='ocrx_word' id='word_1_217' title='bbox 647 4523 804 4598; x_wconf 83' lang='lat' dir='ltr'><strong>pacare,</strong></span> <span class='ocrx_word' id='word_1_218' title='bbox 826 4499 1005 4578; x_wconf 87' lang='lat' dir='ltr'><strong>videlicet</strong></span> <span class='ocrx_word' id='word_1_219' title='bbox 1023 4501 1138 4577; x_wconf 91' lang='lat' dir='ltr'><strong>Petro</strong></span> <span class='ocrx_word' id='word_1_220' title='bbox 1157 4499 1355 4594; x_wconf 79' lang='lat' dir='ltr'><strong>Prediot03</strong></span> <span class='ocrx_word' id='word_1_221' title='bbox 1374 4505 1412 4574; x_wconf 88' lang='lat' dir='ltr'><strong>et</strong></span> <span class='ocrx_word' id='word_1_222' title='bbox 1431 4497 1512 4574; x_wconf 83' lang='lat' dir='ltr'><strong>snb</strong></span> 
     </span>
     <span class='ocr_line' id='line_1_33' title="bbox 392 4624 1511 4722; baseline 0 -24"><span class='ocrx_word' id='word_1_223' title='bbox 392 4624 561 4704; x_wconf 83' lang='lat' dir='ltr'><strong>custodia</strong></span> <span class='ocrx_word' id='word_1_224' title='bbox 581 4626 800 4722; x_wconf 87' lang='lat' dir='ltr'><strong>captiuitate</strong></span> <span class='ocrx_word' id='word_1_225' title='bbox 820 4628 1016 4704; x_wconf 87' lang='lat' dir='ltr'><strong>tenebatur</strong></span> <span class='ocrx_word' id='word_1_226' title='bbox 1036 4627 1073 4702; x_wconf 93' lang='lat' dir='ltr'><strong>in</strong></span> <span class='ocrx_word' id='word_1_227' title='bbox 1094 4627 1216 4703; x_wconf 91' lang='lat' dir='ltr'><strong>medio</strong></span> <span class='ocrx_word' id='word_1_228' title='bbox 1242 4627 1342 4704; x_wconf 91' lang='lat' dir='ltr'><strong>arcis</strong></span> <span class='ocrx_word' id='word_1_229' title='bbox 1361 4625 1511 4700; x_wconf 87' lang='lat' dir='ltr'><strong>Buden-</strong></span> 
     </span>
    </p>
   </div>
   <div class='ocr_carea' id='block_1_5' title="bbox 0 0 1624 5228">
    <p class='ocr_par' dir='ltr' id='par_1_8' title="bbox 0 0 1624 5228">
     <span class='ocr_line' id='line_1_34' title="bbox 0 0 1624 5228; baseline 0 2"><span class='ocrx_word' id='word_1_230' title='bbox 0 0 1624 5228; x_wconf 95' lang='lat' dir='ltr'><strong> </strong></span> 
     </span>
    </p>
   </div>
  </div>
 </body>
</html>
