3238 5228
435 519 515 596 274

437 739 573 814 scopus
592 723 629 789 et
647 716 782 791 Petrus
811 715 941 814 Priny.
971 715 1020 790 Et
1048 717 1204 792 veniunt
1233 714 1413 794 Germani
1443 741 1567 815 super

438 865 572 940 aquam
593 851 630 915 et
649 863 763 940 super
789 849 928 917 terram
947 841 995 915 ad
1013 841 1158 918 Budam
1186 851 1314 918 contra
1340 867 1397 918 me
1417 844 1565 940 Regie-

437 971 587 1044 tatem.“
628 969 678 1042 Et
715 967 788 1068 ipsi
825 969 995 1064 Momm,
1035 971 1134 1066 quod
1171 971 1326 1049 audiens
1356 973 1564 1070 epistolam

437 1095 668 1193 Regiestatis
686 1095 882 1172 admodum
902 1105 1117 1193 sonantem,
1147 1121 1232 1175 mox
1257 1099 1330 1198 ipsi
1348 1098 1566 1196 gaudenter

436 1225 474 1298 in
493 1224 660 1322 opposito
689 1230 819 1300 contra
849 1222 1060 1300 Germanos
1089 1232 1271 1302 venerunt
1288 1247 1400 1322 super
1418 1248 1564 1322 aquam

437 1349 502 1425 flui
521 1348 619 1426 Ister
637 1349 900 1426 uastandones.
921 1349 970 1424 Et
980 1372 1093 1449 supra
1111 1349 1254 1424 Budam
1274 1351 1436 1426 insulam
1457 1350 1563 1426 San·

437 1475 721 1571 cteMargarete
740 1475 1143 1573 appodianernntsese;
1168 1483 1205 1550 st
1214 1477 1359 1572 equites
1378 1485 1565 1574 quattuor

437 1611 546 1678 centa
566 1600 726 1676 duxerat
745 1622 870 1676 secum
892 1601 1028 1677 Karon
1046 1601 1171 1698 vajda,
1193 1610 1230 1676 et
1250 1602 1332 1701 ipse
1346 1605 1456 1698 juxta
1479 1603 1563 1678 Da·

437 1729 589 1804 nubium
614 1727 696 1803 *fluii
716 1749 829 1824 supra
848 1727 940 1803 Pest
959 1727 998 1802 in
1017 1727 1092 1802 Kis
1110 1727 1220 1804 Jcnw
1248 1728 1382 1803 villula
1401 1729 1563 1806 descen-

437 1855 490 1927 dit
508 1855 560 1930 ibi
577 1876 658 1928 cum
673 1854 752 1930 suis
763 1854 960 1950 equitibus.
982 1853 1031 1928 Et
1048 1854 1159 1929 valde
1178 1855 1387 1930 tremefacti
1406 1878 1563 1932 eramus

437 2003 459 2054 a
480 1979 682 2057 Germanis
702 1979 907 2076 Hungaris.
928 1980 977 2054 Et
996 1981 1099 2054 venit
1116 1980 1249 2056 iterum
1268 1981 1422 2082 Momyn
1441 1983 1562 2057 vaide

437 2106 485 2180 ad
503 2105 646 2203 Regem
665 2106 852 2183 Joannem
872 2114 910 2180 et
929 2106 1091 2203 quesivit
1100 2107 1149 2182 ab
1160 2128 1204 2183 eo
1215 2114 1391 2203 quattuor
1409 2115 1560 2184 aaran,

437 2231 485 2306 ad
513 2232 661 2308 carinas
688 2253 837 2308 suarum
876 2231 1181 2328 nazandonibus,
1220 2241 1257 2308 et
1285 2232 1369 2348 Rex
1396 2233 1561 2310 libenter

436 2357 538 2433 dedit
555 2358 611 2450 ei,
632 2358 665 2432 si
683 2358 767 2454 plus
787 2356 1014 2455 quesivisset
1033 2357 1080 2432 ab
1100 2380 1167 2452 eo;
1192 2367 1231 2432 et
1243 2361 1354 2456 juxta
1373 2357 1437 2434 flni
1456 2357 1560 2436 Ister

436 2505 651 2560 concessum
681 2490 782 2558 esset
800 2483 874 2558 sibi
899 2479 955 2584 iii·
976 2484 1058 2559 loco
1088 2484 1301 2561 Vaciensis.
1330 2485 1380 2559 Et
1397 2485 1435 2560 in
1455 2507 1559 2582 aqua

436 2618 473 2685 et
491 2631 604 2706 super
622 2617 761 2685 terram
780 2609 969 2685 irruerunt
986 2617 1117 2684 contra
1144 2607 1356 2686 Germanos
1375 2609 1559 2686 adanmer

436 2745 474 2812 et
496 2743 806 2836 expugnatarum
825 2758 891 2812 eos
910 2757 1029 2833 usquc
1039 2736 1088 2809 ad
1097 2733 1337 2832 Strigoniam.
1358 2735 1439 2834 Ipsi
1455 2733 1558 2814 Ger·

436 2864 536 2938 mani
561 2863 825 2939 existimabant
862 2861 1116 2938 Izmaeliticos
1153 2863 1251 2939 sicut
1283 2861 1490 2958 Hungaros
1520 2865 1558 2939 in

437 2988 618 3089 Thocay,
649 2995 687 3062 et
705 2989 745 3062 in
764 2987 872 3064 Stina
890 3011 958 3085 per
977 2987 1169 3085 Koccian;
1199 2995 1348 3064 atamen
1367 3010 1436 3087 per
1456 2987 1557 3066 Ger-

437 3138 567 3192 manos
579 3115 684 3190 multi
695 3115 857 3190 sauciati
868 3115 1173 3189 venerantTurci
1193 3114 1241 3188 ad
1256 3114 1411 3190 Budam.
1423 3113 1558 3190 Etvna

436 3242 566 3317 carina
584 3243 697 3338 plena
716 3263 798 3318 cum
817 3240 948 3336 arinis,
969 3247 1006 3315 et
1032 3263 1115 3316 cnm
1133 3241 1245 3316 melle
1264 3241 1556 3338 sapiebatbene.

542 3368 689 3442 Extunc
707 3368 855 3462 fuerant
871 3387 1057 3466 pauperes
1077 3367 1227 3464 quidam
1238 3368 1340 3442 cives
1358 3366 1558 3444 Budenses

426 3501 474 3569 et
498 3494 735 3600 Pestienses3
765 3495 864 3568 etin
893 3494 1043 3571 Vienna
1070 3494 1298 3570 seducebant
1327 3491 1556 3588 Germanos,

436 3619 532 3717 quod
549 3621 604 3695 nil
622 3627 749 3712 essent
766 3619 880 3696 'Purci
909 3627 1038 3697 contra
1066 3643 1142 3696 eos.
1172 3621 1222 3695 Et
1249 3629 1430 3696 venerant
1459 3623 1557 3698 Ger·

437 3748 582 3822 manica
609 3771 697 3844 pars
726 3748 774 3822 ad
801 3747 1089 3823 mansionariam
1117 3770 1263 3843 eornm,
1302 3755 1340 3823 et
1367 3747 1412 3824 ad
1441 3768 1557 3822 unam

437 3893 602 3950 mensam
619 3881 697 3948 tres
716 3873 877 3950 florenos
897 3874 952 3950 eis
971 3873 1160 3974 peditibus
1179 3882 1216 3950 et
1234 3873 1434 3972 equitibus.

543 3999 646 4074 Inter
664 3999 734 4074 hcc
753 3999 837 4076 Rex
855 4000 882 4077 J
884 4024 1024 4077 oannes
1054 4002 1151 4077 ierat
1170 4000 1218 4076 ad
1236 4000 1555 4078 Transilwaniam

438 4125 522 4202 dum
541 4128 756 4204 scribebant
773 4151 871 4203 anno
893 4123 1006 4204 1530.
1037 4127 1086 4203 Et
1104 4129 1415 4204 locumtenentem
1434 4126 1555 4204 Joan-

437 4274 521 4328 nem
541 4253 689 4353 Bandij,
710 4255 1011 4354 etviceprovisor
1029 4263 1111 4332 erat
1129 4277 1225 4334 vous
1244 4254 1404 4330 Sclauns
1422 4251 1554 4330 Simon

438 4375 642 4458 Idttcratus
661 4381 707 4457 de
725 4380 880 4480 Attyna.
909 4380 959 4456 Et
985 4389 1064 4458 tres
1093 4382 1267 4458 custodes
1286 4379 1369 4456 Rex
1388 4381 1552 4458 colloca·

438 4513 555 4581 uerat.
577 4506 730 4607 Momyn
751 4505 1180 4604 vaidamsuperaqnam
1200 4505 1402 4583 secundum
1413 4505 1552 4583 Kaaon

437 4630 586 4714 vaidam
614 4656 726 4732 super
752 4641 912 4728 terram;
948 4634 1103 4710 tercium
1131 4632 1316 4712 Joannem
1345 4630 1485 4732 Banffy
1513 4633 1551 4708 in

437 4757 587 4831 ciuitate
607 4757 781 4834 Budensi.
