3248 5210
404 455 461 532 90

405 657 461 756 pit
480 655 623 732 Blasko
653 655 851 733 maximam
880 659 1170 756 querimoniam,
1201 663 1299 758 quod
1328 671 1416 740 sunt
1439 667 1521 762 jam

405 789 477 864 dno
496 785 584 860 anni
604 791 642 859 et
659 785 766 883 plus,
795 785 893 882 qnod
919 809 995 862 non
1021 788 1271 886 abtullernnt3
1291 791 1358 867 sed
1376 792 1525 888 aliquid

404 915 549 1014 rapian.
570 911 805 1010 depredando
825 914 1522 1018 superoruoigerosqnidoptinneram.

387 1043 513 1120 .Dixit
531 1039 707 1116 Turnus:
731 1039 858 1138 „Bene
881 1041 944 1117 hio
961 1043 1114 1120 seruisti
1139 1042 1273 1123 Oesari
1297 1045 1423 1124 'Puteo
1443 1048 1522 1123 fra-
1610 1129 1611 1132 a

404 1168 561 1246 ternitas
587 1173 673 1261 tua3
702 1173 740 1242 et
759 1166 932 1242 similiter
960 1169 1128 1246 Joannes
1155 1171 1319 1249 vainoda
1347 1171 1523 1250 Transii·

403 1293 608 1373 naniensis.
628 1291 679 1367 Et
697 1313 767 1387 ego
787 1292 890 1368 adini
898 1294 1013 1382 abere
1023 1294 1162 1370 domini
1181 1299 1269 1392 moi,
1290 1297 1388 1396 qnod
1406 1279 1524 1375 valde

405 1427 506 1499 amat
524 1429 562 1496 et
585 1419 709 1516 diligit
734 1425 771 1494 te
800 1442 875 1494 non
902 1421 1071 1516 minime,
1100 1421 1197 1498 siout
1224 1423 1409 1500 Joannem
1436 1426 1522 1500 vai·

405 1549 560 1644 nodam,
590 1548 707 1622 frater
734 1553 773 1621 et
800 1546 919 1622 amice
946 1547 1016 1622 mi!
1056 1545 1250 1648 Suscipias
1277 1551 1395 1627 verba
1422 1575 1522 1647 mea,

405 1676 551 1754 domine
578 1673 706 1768 Blasi‚
735 1672 824 1771 qnia
842 1697 866 1748 a
885 1673 1032 1750 domino
1051 1697 1134 1752 meo
1154 1675 1406 1754 edoetnsunm.
1434 1678 1523 1775 Ego

404 1805 473 1882 tibi
492 1799 585 1902 Ἦν·
616 1825 639 1876 a
659 1801 807 1877 domino
826 1823 908 1876 meo
930 1801 1111 1878 ordinabo
1131 1809 1187 1878 tot
1203 1805 1464 1902 possessiones
1483 1813 1525 1880 et

405 1954 533 2026 eroes,
562 1929 659 2006 sient
685 1927 785 2027 apud
814 1949 883 2003 vos
901 1927 940 2002 in
958 1926 1158 2025 Hungaria
1184 1931 1325 2028 aliquis
1353 1931 1393 2006 in
1411 1930 1523 2007 Hun-

404 2059 513 2156 garia
530 2055 764 2134 Laureneius
792 2054 887 2149 dux3
907 2063 946 2130 et
963 2056 1140 2153 optimam
1167 2063 1327 2154 terram,
1355 2065 1393 2133 et
1411 2081 1523 2136 eroes

406 2186 509 2262 dabit
534 2184 604 2260 tibi
632 2181 751 2260 Cesar
778 2181 855 2257 filio
884 2181 932 2256 ad
958 2181 1098 2277 filinm3
1127 2183 1357 2261 solummodo
1386 2183 1524 2262 Casani

405 2319 532 2392 nostro
562 2333 753 2389 assumere
772 2309 820 2384 ad
838 2308 949 2402 fidem
967 2317 1070 2385 tuam
1088 2317 1129 2384 vt
1146 2311 1205 2387 vis
1224 2311 1387 2408 seruire,
1409 2312 1525 2388 sicuti

406 2441 503 2536 Regi
537 2437 744 2535 Hungarie.
784 2435 884 2528 Quid
911 2437 965 2512 ita
991 2437 1030 2512 in
1057 2461 1195 2514 vanum
1230 2446 1379 2538 tempus
1415 2446 1524 2515 tunm

405 2566 561 2669 perdes,
591 2571 628 2640 et
657 2569 790 2664 postea
817 2563 918 2664 apud
944 2583 1014 2641 nos
1042 2565 1161 2642 libere
1180 2567 1234 2641 vti
1253 2589 1405 2666 posses,
1425 2573 1463 2642 et
1481 2567 1523 2642 in

405 2697 538 2792 Regno
551 2699 679 2770 nostro
689 2693 1000 2790 tranquillitatem
1018 2716 1192 2789 magnam
1202 2694 1395 2790 habemus,
1416 2693 1525 2772 solus

407 2822 527 2900 Cesar
555 2824 714 2921 inperat.
743 2821 796 2896 Et
822 2822 976 2920 insuper
1004 2819 1124 2898 Ossan
1151 2821 1199 2897 ad
1226 2843 1295 2898 vos
1313 2844 1397 2898 oum
1415 2845 1525 2898 arma

406 2957 541 3051 parata
566 2949 743 3046 intendit,
773 2949 952 3048 preoipne
970 2947 1018 3023 ad
1046 2969 1169 3023 aroem
1196 2946 1523 3026 Nandor-Albam.

407 3077 447 3155 Si
476 3079 594 3154 eoiam
621 3079 744 3176 posito
782 3099 872 3153 oasn
909 3100 1032 3152 aroem
1070 3077 1286 3154 obseruaris
1314 3101 1339 3152 a
1365 3074 1521 3172 cinare,

407 3204 496 3303 quid
514 3203 655 3282 dabunt
671 3201 768 3280 tibi?
787 3211 825 3278 et
842 3205 1064 3300 sangninem
1092 3209 1194 3278 tnum
1221 3204 1363 3281 frustra
1380 3202 1519 3279 sedisfl

408 3332 459 3407 Et
475 3330 569 3406 talia
588 3331 706 3406 multa
725 3331 946 3432 loquebatur
975 3329 1187 3418 Balimbek.
1217 3329 1312 3407 Oum
1330 3337 1524 3428 resumpto

406 3459 530 3536 animo
549 3479 617 3534 sno
636 3459 854 3556 plusquam
873 3458 1107 3534 fabulassent
1125 3458 1163 3532 in
1182 3458 1302 3534 tribus
1321 3456 1446 3550 horis,
1468 3457 1526 3532 ait

407 3585 578 3664 Blasko:
602 3586 679 3684 „vt
696 3585 735 3660 in
753 3608 812 3659 ma
831 3587 997 3683 pensabo
1015 3586 1271 3684 priusquam.“
1293 3585 1413 3660 Multa
1432 3583 1526 3659 feeit

406 3715 445 3790 in
464 3735 518 3806 se,
538 3711 571 3788 si
589 3712 686 3786 bene
703 3717 805 3787 esset
823 3715 888 3784 ant
906 3731 991 3785 non.
1019 3709 1085 3786 Ait
1103 3710 1264 3788 Blanski
1284 3739 1293 3786 :
1317 3710 1382 3806 „Si
1401 3707 1525 3788 Cesar

405 3839 513 3918 daret
539 3839 630 3914 mihi
658 3837 769 3912 fidem
797 3859 902 3913 snam
931 3837 972 3912 in
999 3837 1138 3915 litteris
1173 3839 1254 3915 suis
1281 3839 1351 3914 snb
1378 3837 1523 3934 sigillo,

406 3967 496 4066 qnia
523 3989 595 4063 ego
613 3966 653 4040 in
671 3963 873 4062 Hungaria
901 3965 1123 4042 multoeiens
1152 3964 1356 4062 Hungaros
1384 3965 1524 4041 oontri·

405 4093 555 4188 bolani,
595 4091 772 4166 videlieet
800 4098 930 4169 eontra
958 4091 1302 4186 Zalonkemenien.‚
1331 4097 1369 4165 et
1391 4098 1525 4168 eontra

407 4220 632 4316 ornoigeros‚
653 4223 691 4292 et
708 4225 839 4293 oontra
858 4218 991 4295 alios.“
1014 4218 1066 4293 Et
1084 4217 1178 4294 dixit
1197 4216 1419 4292 Balimbek:
1446 4217 1525 4312 „Et

407 4370 518 4444 ergo,
538 4345 605 4422 sed
626 4367 712 4422 eoae
731 4367 864 4422 manns
881 4367 966 4422 mea
984 4345 1033 4421 ad
1050 4367 1182 4423 manus
1198 4353 1301 4420 tuam
1320 4343 1416 4420 dabo
1428 4345 1461 4437 ,“
1485 4351 1524 4420 et

406 4474 610 4574 amplexati
638 4479 736 4550 sunt.
766 4471 857 4548 Mox
876 4471 997 4550 adesit
1025 4471 1171 4548 Blasko
1191 4471 1239 4546 ad
1257 4469 1423 4546 ankas.
1445 4467 1523 4546 Hio

400 4604 481 4701 jam
500 4601 630 4699 quinta
646 4598 804 4676 tradicio
823 4605 861 4674 et
877 4621 946 4699 per
963 4597 1094 4676 infidia
1111 4597 1278 4677 adesisse
1295 4597 1343 4674 ad
1353 4595 1521 4675 ankas.

410 4725 474 4826 „Si
502 4725 674 4804 obsidere
701 4725 758 4802 vlt
784 4722 905 4804 Cesar
933 4748 1077 4822 aroem,
1106 4731 1261 4826 reponte
1289 4723 1438 4819 veniat3
1465 4723 1524 4801 nil
