3238 5228
1130 478 1206 584 asi

110 715 281 796 statimad
298 712 574 795 Nandor-Alba
593 734 676 790 cnm
696 709 867 810 epistolis
876 731 1016 805 rogans
1035 715 1073 784 et
1091 711 1207 786 verbo

109 845 239 946 suplico
257 853 390 946 petens
408 852 446 920 et
464 844 668 920 obsecrans
686 846 865 936 tanquam
883 838 1059 914 tratrem:
1075 836 1207 934 „Quod

110 975 136 1050 si
153 973 297 1050 ancus
315 970 542 1050 Valentinus
561 967 707 1044 venerit
725 972 854 1043 contra
873 988 932 1040 me
960 965 1008 1040 ad
1034 963 1206 1065 Lippam,

109 1083 230 1180 extunc
247 1101 497 1202 personaliter
516 1097 637 1173 adiwa
665 1096 760 1173 me.“
792 1096 844 1170 Et
870 1096 951 1194 ipse
978 1097 1092 1171 bassa
1119 1116 1206 1194 pro-

110 1229 198 1306 misit
214 1253 256 1306 se
275 1229 363 1304 ilico
382 1249 466 1304 oum
485 1233 628 1324 septem
648 1223 752 1299 milia
780 1223 1001 1298 Turcarum.
1031 1221 1082 1296 Et
1110 1220 1207 1320 quod

110 1355 243 1431 audien.
264 1353 483 1451 agawmda,
510 1352 573 1450 qui
592 1349 824 1428 custodiebat
851 1348 993 1446 Regem
1021 1349 1206 1428 Joannem

110 1505 180 1558 cum
207 1481 397 1560 sexcentis
425 1479 612 1578 equitibus
640 1478 799 1573 Torois,
831 1501 899 1554 sex
927 1479 1089 1555 vexillas
1116 1501 1206 1556 suas

110 1633 184 1686 mox
201 1609 394 1708 erigebant
413 1629 544 1708 snpra,
565 1583 855 1706 superponam
875 1605 1121 1683 diuersimode
1140 1630 1206 1707 ap·

110 1760 230 1836 parere
247 1737 444 1830 valebant,
465 1743 502 1812 et
520 1758 637 1834 equos
655 1756 742 1813 suos
761 1728 1031 1811 exercebantur
1064 1733 1111 1809 ad
1138 1757 1203 1833 po·

110 1887 209 1961 gnam
220 1862 465 1942 diversimode
481 1885 606 1940 coram
617 1862 721 1960 Rege
732 1863 758 1942 J
761 1862 872 1940 oanni
882 1885 924 1939 se
942 1861 1047 1961 ipsos
1057 1860 1206 1940 demon-

110 1993 275 2070 strabant.
295 1993 348 2068 Et
365 1991 527 2068 letanter
546 1991 815 2090 exspectabant
833 1989 1076 2067 Valentinum
1106 1991 1205 2069 ‘lbr-

23 2129 24 2132 ‘
111 2143 182 2197 oum
198 2121 246 2198 ad
263 2118 476 2198 conflictum
496 2119 610 2195 simul
629 2140 712 2193 oum
730 2117 921 2196 'l'raoiama
939 2125 1063 2215 gente.

203 2248 429 2326 Invencione
449 2245 584 2324 Sancte
604 2245 749 2342 Crucis,
770 2245 870 2344 qnod
882 2249 963 2346 jam
981 2247 1206 2326 Valentinus

112 2373 251 2452 Therelx
289 2382 458 2452 moverat
485 2399 526 2452 se
555 2383 685 2452 contra
712 2374 898 2452 loannem
925 2373 1089 2472 Regem,
1119 2399 1204 2454 mox

112 2503 311 2603 postipsnm
322 2502 456 2578 Petrus
476 2501 1205 2580 vaiwodaMoldauien..EtValentinus

22 2619 23 2630 '
111 2627 309 2709 dinertisset
335 2653 376 2707 se
405 2637 534 2706 contra
571 2631 723 2705 Petrum
751 2629 949 2706 vaivodam
977 2636 1014 2706 et
1043 2630 1202 2706 invicem

22 2765 23 2824 l
111 2753 251 2854 irmen.;
271 2763 412 2857 etpost
430 2779 542 2834 vnam
569 2758 701 2835 horam
728 2759 898 2856 perfecta
915 2755 1108 2835 confliccio
1137 2759 1201 2834 ab·

111 2883 218 2960 solnta
253 2892 364 2963 esset.
402 2885 551 2962 Torcus
579 2885 806 2962 Valentinos
833 2885 1038 2983 effugerat,
1068 2885 1203 2964 Petrus

112 3011 253 3089 minoda
270 2999 539 3113 permanserat.
560 3013 612 3088 Et
629 3014 685 3090 sic
703 3014 917 3091 referebant
934 3013 973 3089 in
991 3011 1118 3114 Lippa
1129 3013 1203 3090 Re·

112 3135 143 3228 gi
159 3135 310 3232 loanni,
330 3161 413 3214 com
441 3139 667 3218 Valentinus
695 3141 845 3218 'Porcus
872 3141 1006 3219 inisset
1034 3163 1118 3220 cum
1147 3143 1201 3219 vi-

112 3261 191 3356 ginti
208 3267 313 3342 milia
322 3265 631 3364 Christianorum,
652 3276 689 3344 et
707 3271 842 3346 Petrus
861 3270 1046 3372 vaywoda
1063 3269 1200 3349 dnode-

113 3387 170 3462 cim
195 3393 295 3468 milia
322 3395 569 3473 Valakorum.
600 3394 761 3472 Atamen
789 3397 981 3496 dicebant,
1010 3399 1109 3498 quod
1135 3421 1201 3476 nu·

114 3519 340 3598 merauissent
357 3544 516 3621 corpora
539 3521 657 3600 cladis
685 3523 861 3602 tredecim
890 3525 996 3603 milia
1021 3525 1067 3601 de
1094 3533 1202 3624 parte

114 3641 284 3724 Valentini
322 3649 498 3746 Therek‚
534 3651 632 3728 siout
659 3653 862 3729 efeminata
888 3677 982 3751 gens
1018 3661 1119 3749 erat3
1157 3653 1202 3728 de

114 3771 323 3866 quidemnon
342 3777 429 3875 plus
448 3801 558 3877 quaxn
577 3779 746 3875 ducenta,
767 3781 856 3879 qnia
874 3786 982 3858 erant
999 3781 1071 3858 viri
1088 3779 1202 3856 erecti

114 3903 143 3970 et
160 3904 395 4004 comprobati.
414 3902 505 4006 ⁷⁴·lv·
543 3905 603 3983 Ita
629 3909 789 3987 refertur
815 3907 976 4002 dixisse,
1005 3907 1104 4007 qnod
1131 3929 1203 4004 que

115 4025 228 4108 milites
245 4029 458 4108 ceciderant
475 4032 515 4110 in
532 4034 634 4111 bello
653 4035 698 4112 de
717 4035 913 4134 Hungaris
932 4041 970 4112 et
993 4034 1038 4111 de
1066 4033 1198 4112 Traei-

115 4151 196 4246 anis,
219 4155 368 4254 quodsi
397 4181 479 4236 oum
506 4159 644 4239 Turois
672 4163 785 4239 ictum
804 4163 955 4240 fecisset
973 4162 1199 4240 Valentinus

116 4271 267 4378 Tberelr,
297 4289 435 4364 lervel
463 4295 636 4387 quattuor
663 4291 808 4369 vicibus
835 4315 907 4368 non
933 4291 1120 4388 perissent
1146 4295 1200 4364 tot

115 4404 228 4487 milites
246 4411 292 4486 de
311 4409 515 4512 Hungaris.
536 4417 588 4493 Et
606 4417 688 4494 Rex
717 4417 886 4497 Joarinss
913 4417 1023 4494 valde
1051 4415 1201 4494 dolebat

115 4527 149 4604 de
163 4545 261 4634 parte
288 4541 465 4640 ipsorum.
496 4547 548 4622 Et
564 4547 616 4624 ibi
634 4553 866 4625 remanserat
883 4546 922 4622 in
941 4543 1113 4622 conflicto
1133 4541 1199 4621 Jo-

116 4677 211 4742 tnnes
228 4667 430 4769 episcopus
443 4669 736 4772 Obanadiensis;
756 4673 1082 4774 quiaValentimus
1100 4671 1198 4747 Tur-

116 4803 168 4866 eus
182 4797 390 4890 portauerat
408 4797 530 4902 ipsum
548 4823 632 4882 oum
649 4802 687 4878 vi
706 4822 774 4882 suo
793 4809 885 4881 etc..
902 4801 947 4880 ld
966 4823 1062 4883 anno
1084 4793 1198 4878 1529.
