3248 5210
116 657 194 732 alter
210 655 369 757 Morgay
397 655 554 750 Jauehi,
575 655 637 753 qui
657 655 868 751 gubernant
893 645 1205 726 Nander-Albam

116 807 218 862 arcem
237 791 323 882 post
340 783 528 860 dominum
553 804 704 860 suorum
723 779 948 884 Valentinus
967 774 1134 852 Therek.
1155 774 1206 849 Et

115 919 159 988 est
173 909 409 1004 adolescens,
428 933 504 988 non
522 916 707 1003 maturus,
728 907 794 984 sed
813 907 960 982 velox.“
983 902 1048 978 Ait
1065 899 1204 978 Cesar:

117 1037 261 1129 „ursus
287 1039 370 1114 Deo
397 1041 594 1136 [alateum
615 1060 681 1113 eas
701 1036 827 1112 statim
846 1042 884 1111 et
901 1056 984 1110 eum
1003 1031 1059 1108 eis
1078 1028 1205 1105 amiei-

115 1165 193 1240 rian
210 1163 365 1240 habeas.
385 1164 470 1259 Ego
490 1162 762 1257 existimabam,
782 1163 881 1260 quod
899 1167 1025 1239 essent
1041 1161 1081 1236 in
1099 1155 1205 1235 Hun-

113 1290 202 1385 garia
218 1289 341 1384 heres,
361 1296 423 1364 tm.
445 1294 532 1364 sunt
549 1289 819 1364 mansionares.
841 1288 892 1363 Et
902 1289 1018 1386 ipsos,
1028 1285 1207 1388 precipua

114 1419 251 1493 bmuum
270 1417 415 1493 Blasko
434 1416 690 1494 remunerabis
714 1415 878 1493 muneris
896 1415 1034 1511 variis3
1053 1416 1207 1517 insuper

113 1544 250 1641 premite
278 1544 335 1620 eis
362 1543 480 1620 multa
507 1543 546 1617 in
575 1543 707 1640 Regno
735 1543 995 1641 possessiones
1023 1543 1071 1620 ad
1097 1543 1206 1620 fidem

112 1679 193 1746 tuam
212 1678 249 1748 et
267 1671 317 1746 ad
334 1669 444 1746 fidem
463 1669 619 1746 meam.“
648 1671 699 1745 Et
717 1669 785 1746 tali
803 1668 911 1746 modo
932 1667 1132 1748 Balimbek
1149 1670 1205 1746 in·

113 1799 193 1896 sepit
210 1799 350 1874 donare
369 1798 475 1896 prius
492 1797 660 1894 largiter,
681 1805 719 1873 el
737 1797 957 1874 seeuudario
976 1805 1014 1872 et
1030 1795 1207 1874 tereiario

112 1949 241 2024 semper
261 1947 343 2000 eum
362 1924 471 2002 donis
488 1924 606 2001 variis
624 1927 737 2002 rebus
755 1923 977 2036 Turearum.
1007 1925 1058 1999 Et
1076 1948 1098 2000 e
1119 1947 1207 2000 eon·
1323 1907 1329 1921 ’

113 2075 203 2130 remo
222 2039 400 2152 quantum
426 2059 575 2152 poterat
602 2052 747 2129 Blasko
774 2055 1058 2148 remunerabat,
1079 2058 1117 2128 at
1133 2052 1207 2128 (liar

26 2181 27 2184 ‘
111 2177 189 2256 inter
206 2204 247 2256 se
266 2202 341 2256 non
359 2180 598 2256 debellabant
622 2177 760 2272 Turni,
789 2201 859 2254 nee
876 2178 1117 2254 infestabant.
1138 2177 1205 2256 Se·

26 2347 27 2400 3
111 2307 170 2380 uel
195 2307 392 2382 Balimbek
420 2306 459 2380 in
487 2303 608 2382 Sarno
637 2305 739 2394 feeit,
753 2327 890 2382 vocare
916 2305 1038 2382 solum
1064 2312 1208 2382 tantum

112 2429 237 2510 Blasko
257 2433 305 2508 ud
323 2433 451 2530 aliqua
478 2435 614 2526 verba,
645 2439 682 2506 et
706 2432 860 2530 insuper
885 2439 1040 2531 propter
1069 2455 1207 2529 cogua-

113 2559 258 2652 cienam,
297 2565 337 2634 vt
364 2558 558 2635 uideamus
592 2580 706 2632 vnum
742 2559 901 2635 alterum
928 2559 968 2634 iu
995 2559 1207 2658 prospaeio.

112 2684 216 2778 Quum
244 2688 418 2766 simulam.
457 2709 524 2786 per
552 2687 743 2762 nunetium
780 2677 1030 2764 intellexisset
1063 2682 1207 2766 Blusko

112 2813 216 2890 meino
235 2836 304 2892 suo
333 2814 502 2908 libitum,
531 2813 703 2913 promisit
721 2837 763 2890 se
781 2813 918 2890 iturum
936 2814 985 2890 ad
1003 2815 1125 2891 laeum
1144 2812 1208 2889 de-

26 2965 27 3046 3
111 2949 283 3034 pubutem
301 2963 346 3016 se
369 2939 597 3038 predictum,
627 2945 665 3015 et
693 2939 826 3016 adiem.
857 2937 959 3032 Quia
986 2939 1208 3038 Hungarum

112 3063 187 3142 bene
205 3073 364 3166 possunt
390 3065 563 3164 decipere
592 3089 676 3142 eum
703 3067 877 3144 faueneia
904 3069 1040 3170 verba,
1070 3074 1208 3144 etcum

113 3194 310 3270 muneribus
336 3191 524 3290 eopiosiis.
555 3190 724 3288 Cumque
743 3192 783 3268 in
801 3215 913 3267 vnum
932 3194 1144 3288 venissent,
1171 3203 1209 3271 et

113 3316 242 3397 lbrnus
270 3318 410 3396 blanda
436 3319 553 3394 verba
580 3317 653 3395 sibi
681 3319 903 3412 obtullerat‚
924 3326 962 3395 et
979 3343 1062 3396 eum
1080 3321 1207 3398 ulnas·

26 3425 27 3444 Ν
113 3453 177 3520 aaut
192 3469 307 3522 vnum
328 3447 508 3540 alterum,
528 3445 631 3522 mbre
650 3468 778 3522 eorum
798 3448 1030 3524 osculabant.
1056 3449 1108 3524 Et
1125 3461 1210 3524 eum
1276 3447 1282 3462 “

26 3621 27 3626 a
113 3567 233 3650 lurore
272 3577 497 3670 aeceperunt
525 3593 608 3646 eum
635 3571 716 3648 suis
744 3573 916 3668 famulis,
945 3581 984 3650 et
1009 3575 1207 3673 prandium

26 3761 28 3780 l
112 3697 368 3794 orliuaueraut,
388 3707 426 3774 et
443 3700 580 3776 bonum
598 3699 781 3797 liquorem
791 3700 970 3797 bibebam
980 3700 1026 3776 de
1035 3703 1205 3796 melesius,

112 3832 138 3896 el
153 3825 198 3900 rbi
216 3813 385 3924 requiem
414 3826 635 3902 habuerunt.
665 3824 836 3902 Secundo
865 3825 1206 3924 manumiserunt,

26 3951 27 4010 i
113 3959 139 4022 et
152 3974 260 4051 super
278 3975 396 4050 equos
422 3977 529 4032 mane
557 3961 765 4032 currerunt.
796 3954 847 4031 Et
865 3954 1065 4030 Balimbek
1084 3953 1133 4030 sd
1150 3955 1206 4055 ip-

26 4103 27 4108 ¹
111 4097 175 4152 suu
191 4081 351 4175 voeauit,
372 4089 409 4156 et
426 4081 684 4178 interrogauit,
704 4082 844 4158 sibene
855 4082 979 4158 soluat
994 4079 1079 4156 Rex
1098 4079 1205 4159 Hun-

112 4227 269 4296 gsrurnm
287 4209 467 4287 militibus
485 4211 576 4306 suis,
597 4219 635 4286 et
653 4211 686 4286 si
705 4217 833 4286 vestra
851 4209 1023 4286 amicicia
1040 4210 1074 4284 si
1093 4208 1207 4288 babet

26 4409 27 4416 Ν
113 4337 368 4426 possesionem
391 4339 471 4435 Jam
499 4339 538 4414 in
566 4337 766 4434 Huugaria
801 4341 955 4435 propter
981 4341 1059 4410 tam
1086 4339 1204 4414 serui·

113 4459 192 4536 siun
209 4461 409 4540 fidelitatis.
430 4463 529 4556 Quia
539 4465 688 4558 Turnus
698 4464 891 4542 sanciebat
905 4461 1086 4540 militibus
1097 4463 1205 4542 Hun-

26 4675 27 4684 ξ
113 4607 266 4678 unorum
284 4591 453 4688 modum,
474 4592 574 4691 qual
592 4615 666 4668 neu
684 4591 854 4670 seruiunt
870 4593 1023 4690 propter
1041 4612 1203 4670 eommu-

26 4701 27 4704 ‘
118 4731 183 4788 ren
200 4719 375 4816 populum
393 4723 432 4794 et
454 4719 502 4796 ad
520 4717 792 4796 defendendum
820 4713 1076 4795 hereditatem.
1095 4716 1203 4797 Inae-
