3260 5226
388 513 467 594 366

391 721 549 814 operant
565 719 731 789 vestram
751 709 1074 809 Magnifioeuciom
1093 715 1335 793 solummodo.
1364 715 1415 792 Et
1436 725 1530 794 sta·

390 842 458 916 tim
480 847 648 918 uestram
673 838 998 936 Magnificenciam
1026 838 1146 919 Cesar
1173 843 1239 919 wlt
1256 866 1528 938 renumerare,

390 962 572 1044 sicuttibi
591 965 782 1066 pollicitus
801 967 894 1043 est.“
926 966 991 1042 Ait
1014 967 1242 1048 Valentinus
1262 997 1271 1045 :
1295 971 1407 1069 ,Jam
1425 969 1530 1048 volo

393 1093 484 1171 ire.“
516 1095 568 1170 Et
595 1095 690 1171 dixit
716 1095 899 1172 militibus
927 1095 1005 1173 suis
1026 1123 1035 1171 ε
1059 1095 1170 1195 ,Jam
1197 1099 1344 1194 valete,
1373 1101 1530 1175 fratres

393 1223 468 1298 mei
495 1223 789 1301 amantissimi!“
821 1223 872 1299 Et
899 1224 1049 1322 quidam
1070 1248 1117 1301 ex
1136 1226 1190 1304 eis
1209 1227 1530 1305 lamentabantur

394 1369 497 1426 enm:
522 1349 632 1454 ,Eris
651 1352 699 1428 ab
718 1351 839 1448 nobis,
860 1349 1023 1449 domiue;
1044 1359 1082 1428 et
1098 1377 1167 1431 nos
1186 1355 1344 1456 amplius
1361 1377 1441 1432 non
1462 1353 1528 1430 vi·

395 1475 563 1555 debimns
582 1483 747 1554 vestram
760 1475 1121 1574 Magnificenciem.“
1143 1479 1195 1556 Et
1204 1481 1411 1582 amplexati
1429 1491 1529 1558 sunt

395 1605 551 1703 quilibet
569 1628 653 1680 eum
673 1605 824 1702 milites,
846 1609 883 1680 et
901 1606 955 1681 sic
974 1629 1058 1682 eum
1076 1605 1236 1685 licencia
1255 1608 1450 1708 acceptari
1473 1607 1528 1685 ab

396 1753 441 1808 eo
467 1732 693 1830 relinquen,
732 1739 770 1808 et
795 1732 936 1808 liberos
970 1753 1052 1808 oum
1085 1756 1201 1810 uxore
1238 1758 1308 1813 sua
1333 1735 1527 1836 precepit,

397 1857 495 1958 quod
522 1859 598 1936 sint
623 1865 767 1935 tutores
787 1882 831 1935 ao
850 1857 1065 1936 defensores
1093 1883 1230 1956 eorum.
1261 1859 1431 1959 Cumque
1452 1884 1527 1938 ex·

394 1993 456 2063 tra
475 1985 618 2062 Budam
638 1967 837 2087 optimates
856 1985 1141 2086 Hungarorum,
1169 1994 1206 2064 et
1224 1988 1350 2067 seden.
1370 1987 1522 2066 Valen-

396 2113 497 2189 tinus
516 2111 665 2190 Turous
692 2136 806 2212 super
834 2134 968 2211 equum
996 2136 1100 2194 suum
1126 2115 1292 2191 validum
1311 2122 1347 2191 et
1364 2115 1525 2212 bonum,

395 2246 573 2340 tanquam
600 2239 709 2316 miles
735 2239 913 2316 hornauit
940 2263 993 2318 se.
1019 2239 1069 2316 Et
1096 2241 1190 2318 dixit
1208 2243 1388 2320 militibus
1414 2243 1524 2320 suis:

402 2365 536 2466 ,Quod
553 2367 587 2444 si
605 2387 757 2466 possum
786 2365 966 2444 Cesarem
994 2376 1101 2444 extra
1127 2375 1273 2470 portam
1300 2369 1522 2469 papilionis,

397 2495 496 2594 quod
515 2501 553 2572 et
568 2495 651 2595 ipse
678 2517 868 2593 nunquam
886 2494 954 2571 ibit
972 2497 1133 2597 amplius
1160 2497 1209 2574 ad
1236 2496 1414 2573 Turciam
1441 2496 1523 2574 Re·
1543 2545 1547 2554 ·

398 2623 499 2722 gni.“
530 2621 718 2700 Dixerunt
745 2623 883 2699 milites
913 2623 972 2700 sui
993 2651 1001 2698 :
1026 2621 1180 2723 „Amen
1209 2624 1366 2704 Vtinam
1392 2622 1459 2702 dat
1484 2631 1527 2699 et

399 2751 578 2848 concedat
594 2750 662 2828 tibi
680 2750 787 2828 Deus
806 2751 1049 2829 altissimus.“
1071 2752 1124 2828 Et
1141 2749 1425 2852 quodvidernnt
1437 2753 1524 2850 jam

399 2878 571 2958 ciuitates
589 2876 717 2978 popoli
735 2885 842 2954 extra
860 2886 990 2956 euntes
1008 2879 1096 2956 illos
1115 2877 1161 2956 de
1180 2879 1298 2976 Burin,
1318 2877 1427 2956 multi
1442 2879 1523 2954 vir-

400 3007 506 3106 gines
517 3013 554 3082 et
563 3006 686 3103 vidue,
707 3013 745 3082 et
761 3005 932 3103 religiosi
941 3007 1221 3106 presagiabant,
1241 3005 1341 3104 quod
1358 3005 1524 3106 amplius

400 3158 475 3212 non
501 3132 628 3209 veniet
655 3133 881 3210 Valentinus
900 3130 1058 3210 Therek
1077 3132 1125 3208 ad
1143 3131 1270 3229 Buca,
1300 3133 1348 3208 ad
1372 3132 1522 3210 modum

400 3260 636 3340 sioutEetori
645 3283 713 3338 sua
722 3283 816 3337 vxor
827 3257 1099 3356 Dromedenta,
1121 3257 1268 3360 quando
1282 3259 1436 3338 volebat
1453 3282 1519 3335 ex·

401 3396 462 3467 tra
483 3389 538 3467 ire
558 3389 671 3466 simul
689 3387 1102 3486 extraTrojamoontra
1111 3385 1413 3484 Agamenonem3
1433 3387 1525 3484 quia

270 3605 274 3614 Ι
402 3517 485 3617 ipsa
511 3515 658 3592 viderat
685 3515 724 3590 in
752 3513 914 3608 somnis,
952 3513 1052 3610 qnod
1079 3513 1137 3590 vir
1164 3535 1254 3590 suus
1280 3535 1357 3590 non
1384 3511 1522 3591 redibit

404 3643 565 3743 amplius
592 3641 640 3717 ad
667 3641 796 3717 vrbem
825 3639 954 3737 Troje.
995 3637 1059 3715 Sic
1086 3639 1291 3718 Valentino
1318 3662 1519 3740 presagra·

402 3771 505 3870 baut,
527 3771 623 3848 sicut
641 3769 818 3867 scriptum
841 3767 1003 3866 estjam.

511 3897 682 3997 Cumque
700 3902 809 3974 extra
828 3894 986 3972 inissent
1012 3915 1081 3994 per
1095 3895 1249 3994 januam
1268 3891 1427 3991 Logott,
1459 3892 1522 3969 du·

405 4031 540 4104 xerant
575 4047 642 4102 eos
669 4023 858 4125 adunam
885 4021 1086 4099 tentorium
1122 4044 1298 4119 magnum
1325 4043 1523 4120 precursor

406 4153 575 4248 Turnus,
596 4158 634 4228 et
652 4149 778 4229 seden.
804 4147 974 4227 residens
993 4149 1032 4224 iu
1050 4147 1147 4226 solio
1167 4149 1275 4246 quasi
1295 4147 1415 4226 Cesar
1431 4147 1523 4225 iuis·

406 4289 476 4358 set.
504 4279 596 4358 Mox
625 4277 801 4376 cognouit
829 4275 1044 4378 Stephanus
1063 4275 1252 4354 Verbwch
1270 4299 1317 4352 ac
1334 4275 1520 4352 cancella·

407 4409 506 4496 rius,
535 4406 633 4506 quod
660 4429 733 4484 non
761 4405 827 4482 ille
847 4403 977 4483 Cesar.
1002 4403 1106 4502 ,Nos
1120 4405 1200 4504 jam
1220 4401 1320 4480 ducti
1337 4426 1413 4478 non
1429 4401 1523 4479 bene

407 4535 572 4615 snmus“.
583 4534 690 4612 Dixit
707 4531 1101 4635 precurssoranous:
1117 4529 1227 4630 „Nou
1237 4537 1295 4608 est
1312 4529 1378 4605 ille
1389 4525 1518 4606 Cesar.

408 4661 484 4741 Sed
506 4665 621 4763 jussit
646 4663 772 4758 vobis,
811 4669 852 4738 vt
878 4659 1148 4760 aliquantulum
1176 4657 1402 4760 expectetis,
1431 4655 1518 4754 qnia

409 4811 506 4867 nnuc
523 4789 626 4866 venit
642 4789 689 4866 de
711 4789 803 4866 vrbo
828 4783 942 4906 ΜΓ·
971 4785 1284 4886 Constantinopol
1308 4805 1516 4884 precursor,
