3226 5220
407 459 485 538 154

403 685 495 757 sam,
516 685 605 739 vere
624 663 737 739 miror
756 681 869 762 super
887 663 991 739 vcs.“
1021 662 1209 739 Dixemnt
1226 663 1318 742 mihi
1337 666 1523 744 ridiculo:

406 789 502 886 „Dic
519 789 629 866 nobis
648 796 804 884 extunc,
836 788 924 885 qnid
942 787 1170 884 designat?“
1205 790 1313 887 „Hoc
1330 791 1524 889 designat,

400 915 499 1012 qnod
522 917 601 1012 jam
629 916 774 992 Paulus
802 914 1108 1013 archiepiscopus
1138 915 1285 992 adhesit
1313 919 1360 992 ad
1384 917 1524 995 Perdi·

400 1041 598 1117 nandum.“
622 1041 703 1140 Ipsi
723 1041 918 1116 dixerunt:
943 1041 1052 1138 „Non
1073 1040 1248 1138 credatis,
1271 1043 1417 1120 domine
1440 1043 1524 1121 Ge-

399 1169 492 1264 orgi,
514 1167 601 1264 quia
620 1167 704 1242 Rex
723 1165 894 1243 Joannes
913 1166 952 1241 in
972 1166 1296 1268 archiepiscopum
1314 1171 1524 1246 collocanit

399 1301 437 1369 et
455 1293 617 1388 donauit,
639 1316 729 1388 ergo
748 1293 918 1390 ingratus
939 1301 1058 1388 esset,
1079 1301 1117 1369 et
1135 1317 1272 1391 magna
1290 1297 1525 1373 verecundia

399 1421 495 1497 foret
513 1420 623 1496 sibi.“

504 1546 687 1623 Venimus
702 1547 781 1643 jam
801 1545 849 1619 ad
868 1547 1065 1621 sabbatum
1084 1569 1192 1622 sacro
1211 1555 1392 1623 sanctum.
1423 1548 1521 1626 Mox

399 1677 533 1751 iterum
561 1673 645 1749 Rex
674 1696 742 1772 pro
771 1696 815 1748 eo
843 1673 945 1748 misit
962 1673 1010 1747 ad
1030 1671 1279 1769 Strigoniam,
1309 1681 1351 1748 vt
1368 1675 1524 1752 veniret

397 1802 445 1877 aul
463 1803 599 1877 festum
617 1824 730 1899 pasce
742 1807 779 1875 et
795 1799 1075 1876 sollenninaret.
1098 1797 1267 1896 Cumque
1287 1801 1522 1877 relacionem

395 1952 594 2028 precursor
631 1928 830 2004 obtulisset
866 1927 948 2026 ipso
988 1926 1032 2001 de
1061 1927 1167 2023 Rege
1195 1928 1344 2006 Joanne
1373 1955 1382 2001 :
1416 1929 1523 2024 „Die

396 2055 536 2133 Joanni
556 2055 676 2151 Regi,
705 2055 819 2131 miror
846 2077 959 2153 super
987 2077 1093 2148 eum;
1122 2055 1209 2130 nolo
1229 2077 1301 2150 ego
1321 2054 1522 2130 comedere

394 2181 569 2257 lardones
596 2180 834 2280 porcinarum
865 2181 904 2254 in
931 2180 1008 2255 tale
1037 2179 1097 2254 (lie
1134 2181 1309 2272 solenne,
1349 2179 1415 2254 sed
1443 2203 1522 2277 ego

393 2307 516 2384 habeo
544 2307 696 2383 diuersa
724 2307 928 2382 ferinarum
956 2327 1109 2402 carnes,
1146 2306 1375 2381 anicularum
1404 2309 1522 2405 copia

395 2457 440 2508 ac
465 2435 686 2511 boninarum
717 2440 754 2509 et
781 2433 983 2508 vitulamm
1011 2455 1156 2509 carnes.
1195 2433 1247 2507 Et
1274 2432 1428 2531 insuper
1457 2445 1523 2511 est

393 2559 597 2657 homicida,
623 2559 722 2656 qnod
739 2566 961 2660 preceperat
978 2558 1188 2635 interficere
1208 2559 1424 2656 episcopum
1443 2559 1472 2636 J
1473 2583 1519 2634 o-

392 2710 527 2763 annem
555 2684 850 2763 Gontoniensem
876 2687 916 2761 in
944 2685 1224 2762 Transiluanic.
1255 2683 1442 2762 Absolnat
1469 2711 1519 2763 se

393 2836 471 2890 sew
490 2815 624 2912 probet
642 2835 683 2888 se
702 2812 747 2888 (le
767 2813 840 2889 isto
859 2819 947 2888 noto
974 2812 1148 2888 delict0.“
1181 2813 1232 2887 Et
1256 2813 1424 2910 neglexit
1444 2835 1519 2887 ve-

394 2939 486 3014 nire.
516 2940 567 3014 Et
586 2940 669 3015 Rex
697 2939 792 3014 tauit
819 2939 857 3013 in
885 2937 1071 3012 nihilium.
1102 2939 1203 3014 Vere
1231 2959 1302 3033 ego
1331 2938 1519 3032 sciebam,

394 3065 492 3164 quod
509 3068 691 3142 retribuet
710 3066 831 3162 Regia
850 3065 1085 3164 Majestatis;
1105 3065 1217 3142 etsie
1235 3065 1317 3140 fuit.

677 3369 1010 3475 (onnruunuu
1037 3371 1218 3477 xnvn).

497 3589 590 3666 Inde
610 3589 758 3687 quidem
786 3589 922 3667 Jowan
942 3589 1046 3668 Char
1064 3590 1175 3666 valde
1203 3591 1398 3690 pugnabat
1425 3573 1517 3667 cnm

392 3716 602 3813 Hungaris.
632 3715 683 3790 Et
710 3715 906 3815 sepissime
934 3716 1051 3813 legati
1079 3717 1282 3792 veniebant
1300 3715 1348 3791 ad
1366 3715 1519 3811 Regem

392 3842 580 3922 Joannem
607 3845 885 3940 conquerebant
922 3843 1103 3920 adversus
1140 3844 1286 3920 nobiles
1314 3842 1446 3937 valde3
1476 3855 1524 3920 et

393 3993 575 4046 converso
613 3971 761 4047 nobiles
797 3969 845 4045 ad
882 3969 1025 4066 Regem
1061 3971 1282 4048 loannem:
1316 3969 1433 4069 „Cum
1473 3969 1520 4046 in

393 4095 634 4195 Bachmcgye
653 4095 857 4192 descendit,
876 4095 1122 4173 Serenissimc
1141 4097 1236 4193 Rea,
1256 4097 1392 4176 Jowan
1407 4093 1524 4176 Char

392 4225 530 4300 multos
549 4223 701 4299 simulat
719 4224 939 4301 interficien.
969 4223 1210 4320 Hungaros.“
1243 4225 1294 4300 Et
1312 4224 1522 4303 habitabat

391 4349 429 4426 in
457 4349 544 4426 serie
571 4371 641 4426 sua
668 4349 877 4448 pontificali
904 4349 944 4424 in
972 4371 1058 4426 arce
1087 4349 1277 4425 Zabattka
1313 4350 1519 4428 Valentini

391 4475 558 4552 Therek.

496 4601 774 4701 Preparauerat
792 4623 833 4678 se
854 4602 1079 4680 Valentinus
1108 4601 1264 4678 'Pherek
1293 4609 1423 4680 contra
1451 4605 1517 4680 ni-

390 4749 496 4824 grum
524 4727 734 4822 hominem,
763 4749 873 4823 quem
901 4729 1117 4804 metuebant
1145 4729 1324 4806 Truoiani
1345 4754 1388 4806 ao
1408 4731 1518 4807 cole-
