3238 5228
404 458 483 536 240

405 675 504 744 tatus
523 674 605 743 erat
623 667 672 744 ad
691 673 850 762 quatuor
867 673 1005 762 partes.
1036 665 1194 762 Indigno
1221 667 1391 744 fenerant
1408 689 1527 766 super

406 815 500 889 eum,
521 800 559 868 et
576 800 730 893 propter
747 793 819 868 boo
838 793 944 870 Dens
963 793 1170 870 altissimus
1187 815 1262 869 non
1280 793 1528 870 adiuoauitin

405 921 484 996 vita
503 941 583 1018 sua,
602 942 724 1018 neque
741 921 884 996 nullam
904 921 1191 1020 prosperitatem
1210 920 1415 998 donauerat
1434 921 1526 1010 sibi,

405 1048 500 1123 sieut
517 1047 735 1146 episcopum
764 1046 950 1123 Joannem
979 1045 1143 1124 Gontoni
1172 1047 1526 1136 Trunssiluanien.‚

406 1183 442 1248 et
467 1174 574 1249 illum
601 1173 820 1250 heremitam
854 1173 1023 1272 proxime
1060 1174 1262 1250 claustrum
1297 1171 1429 1250 Ladon
1457 1175 1526 1270 qui

404 1307 486 1376 erat
503 1307 541 1374 et
563 1300 642 1397 ipse
671 1299 710 1373 iu
738 1299 858 1374 saeris
876 1297 923 1399 ¹⁸¹).
953 1297 1110 1376 Solebat
1136 1321 1361 1398 persequere
1387 1299 1524 1396 pooius

405 1425 700 1520 ecclesiasticos,
730 1447 841 1522 quam
868 1447 980 1500 vnum
1007 1449 1216 1525 paganum3
1245 1433 1283 1501 et
1300 1427 1348 1502 ob
1367 1447 1523 1501 oausam

404 1575 478 1630 non
497 1553 597 1628 dedit
614 1553 650 1627 ei
678 1551 785 1629 Deos
813 1553 1020 1630 altissimus
1047 1553 1334 1652 prosperitatem
1359 1553 1524 1628 fortune.

403 1680 453 1754 Et
471 1680 624 1778 insuper
643 1678 788 1754 demum
807 1687 888 1755 erat
907 1687 1080 1778 apostata
1097 1703 1166 1778 per
1183 1679 1443 1776 Lutteriunou3
1463 1679 1522 1752 in-

406 1827 518 1904 super
536 1807 922 1882 exeommunioauerat
940 1807 1198 1884 sanctissimus
1215 1807 1322 1906 Papa
1331 1804 1524 1883 Clemens.

407 1925 640 2008 et'Albertus
660 1932 919 2029 suffraganeus
943 1933 982 2008 in
1001 1931 1189 2030 Strigonie
1207 1933 1247 2008 in
1265 1933 1384 2009 tribus
1402 1931 1523 2006 domi-

403 2057 497 2133 niois
517 2057 649 2135 diebus
668 2059 1056 2136 exeommunieauerat
1078 2059 1268 2158 publioum
1286 2066 1324 2134 et
1342 2057 1522 2134 ettnieum

404 2187 542 2260 Sancta
561 2185 683 2262 Mater
704 2186 877 2262 Euolesiu
896 2185 1072 2261 excludat
1095 2207 1189 2262 enm.
1220 2186 1272 2261 Et
1290 2207 1359 2261 nos
1377 2183 1523 2283 pariter

400 2333 482 2384 eum
506 2311 681 2388 Euolesin
708 2311 960 2389 eonfiteamur.
999 2313 1050 2386 Et
1075 2312 1227 2410 insuper
1256 2311 1302 2387 de
1330 2311 1433 2406 ligno
1462 2311 1521 2384 fu·

401 2437 586 2513 briestam
604 2439 693 2514 feeit
712 2437 898 2516 destinare
917 2439 965 2512 ad
985 2435 1203 2535 Budnmpro
1222 2435 1430 2534 capellanis
1448 2459 1517 2510 no-

377 2565 488 2641 ·stris
517 2561 637 2660 Regie
666 2563 879 2662 Mnjestutis
908 2571 977 2639 eto.
998 2562 1053 2616 ⁷¹³
1079 2562 1156 2640 Iste
1184 2562 1364 2639 Albertns
1383 2561 1520 2639 suffra-

398 2713 542 2786 ganeus
561 2691 607 2764 ue
626 2689 818 2786 Strigonia
836 2690 1007 2766 inionem.
1027 2748 1035 2764 .
1057 2691 1108 2764 Et
1126 2691 1270 2788 Papam
1289 2689 1436 2765 demum
1454 2711 1518 2764 eo-

401 2817 586 2912 minnbat3
624 2817 783 2914 quodsi
811 2818 902 2894 deus
940 2819 1059 2918 ipsum
1088 2823 1346 2912 augmentaret
1371 2816 1411 2891 in
1438 2815 1519 2892 suis

398 2943 729 3041 prosperitatibus,
760 2943 904 3018 demum
934 2965 1023 3018 vere
1051 2943 1198 3039 puniret
1226 2963 1308 3018 eum
1338 2951 1376 3015 et
1394 2943 1450 3018 sio
1468 2941 1513 3016 de

405 3070 578 3166 singulis.

504 3195 643 3271 Iterum
673 3194 926 3269 veneruntad
955 3193 1098 3288 Regem
1126 3191 1291 3270 infidelis
1319 3192 1517 3272 Emerious

399 3323 550 3422 Cybak,
571 3321 714 3397 Paulus
732 3319 903 3414 rimandi,
924 3319 1077 3396 Blasius
1095 3319 1255 3395 Artondi
1275 3320 1346 3394 duo
1365 3320 1514 3411 iratres,

399 3461 436 3524 et
454 3450 510 3526 sio
528 3449 573 3524 de
593 3449 680 3525 aliis
699 3470 781 3524 uum
799 3449 935 3524 rubore
963 3447 1074 3540 wltu,
1113 3447 1221 3541 quasi
1261 3454 1389 3522 essent
1416 3445 1513 3544 Regi

399 3581 574 3674 perpetue
593 3574 734 3652 fideles.
761 3573 836 3650 Sed
854 3573 950 3648 inter
969 3571 1173 3666 Hungaros
1191 3573 1318 3648 nullus
1337 3579 1419 3648 erat
1437 3579 1513 3650 tan

400 3704 548 3781 stabilis
568 3713 605 3778 et
622 3703 809 3801 perfectus
828 3703 882 3778 sio
902 3701 1128 3777 Franoiseus
1157 3699 1317 3776 Kerossi
1344 3707 1382 3774 et
1401 3699 1514 3776 Gott-

282 3841 286 3850 “
400 3829 539 3907 hardus
557 3829 679 3925 Kwn3
707 3829 858 3926 insuper
887 3827 950 3924 qui
969 3833 1101 3926 eaptus
1119 3831 1157 3900 et
1174 3826 1328 3902 delusus
1347 3834 1430 3902 erat
1447 3851 1515 3926 per

402 3957 643 4034 Valentinum
663 3955 819 4032 Therek
837 3955 1064 4076 Freneisuus
1083 3952 1200 4046 Boio,
1219 3953 1316 4028 sieut
1333 3953 1512 4052 seriptum

403 4093 481 4180 est,
501 4083 707 4181 penitentia
726 4081 856 4158 duetus
885 4089 967 4157 erut
983 4087 1136 4179 propter
1163 4085 1317 4156 mortem
1347 4079 1513 4177 episcopi

397 4209 558 4287 Joennis
587 4207 772 4298 Goutoni3
811 4215 847 4281 et
884 4227 979 4280 unus
1012 4205 1187 4300 egregius
1226 4204 1284 4280 vir
1321 4203 1430 4280 Onna
1468 4205 1513 4278 de

397 4337 581 4414 Moranin.
