3238 5228
1112 479 1189 560 269

96 681 160 756 sius
184 683 375 781 pussillus.
405 680 526 774 Quum
555 703 674 758 suam*
691 690 841 777 gentem
863 685 943 779 jam
971 683 1019 757 ad
1046 691 1190 781 partem

95 785 237 885 Pestien.
257 804 516 886 transcurrere
535 809 698 903 fecerat,
717 831 804 884 mox
822 829 891 907 per
910 797 958 884 se'
970 829 1191 886 reversurus

93 941 159 1008 eret
174 957 265 1032 erga
284 935 475 1012 Cesarem.
496 935 548 1010 Et
561 937 640 1031 jum
667 941 825 1012 steterat
844 931 963 1010 Cesar
978 937 1088 1032 juxte
1108 929 1190 1012 'sta-

92 1061 203 1136 bulum
221 1057 374 1163 Regi(e)
394 1060 630 1160 Majestatis3
660 1068 698 1135 et
725 1083 793 1137 uos
821 1061 865 1136 de
894 1085 981 1172 arce
1010 1061 1189 1140 admirer.

90 1185 194 1284 ipsum
232 1191 488 1265 cernebamus.
527 1187 616 1266 Jarn
652 1187 715 1263 hic
751 1184 976 1290 attendit(e)‚
1007 1189 1189 1288 quomodo

90 1313 192 1389 forma
209 1337 279 1392 sua
298 1323 379 1392 erat
396 1316 571 1391 veniendi
589 1317 659 1392 sub
678 1337 766 1391 arce
786 1315 906 1391 Buda.
933 1316 1029 1392 Erat
1057 1315 1184 1392 seden.
1330 1352 1333 1358 ¹

93 1436 195 1518 Cesar
213 1441 480 1519 ZoltunZelim
501 1466 615 1542 super
632 1444 779 1540 nigrum
799 1465 955 1539 paruum
975 1466 1131 1542 equum,
1153 1453 1190 1518 et

93 1567 253 1668 incapite
273 1569 426 1645 mintius
446 1577 527 1645 erat
546 1592 629 1645 cum
647 1569 751 1647 bisso
771 1569 951 1646 rubedine
970 1570 1100 1648 thiara
1123 1592 1192 1647 sua

92 1715 159 1770 cum
170 1695 255 1773 albo
265 1696 430 1772 stridone
440 1697 616 1794 ligamen.
624 1695 877 1795 Etproximus
887 1696 1061 1795 pedester
1069 1695 1187 1799 Hym-

93 1819 207 1922 braym
234 1824 350 1901 bassa
378 1826 550 1902 currebat
577 1821 759 1900 Cesarim.
789 1824 841 1899 Et
866 1825 1025 1900 tricenta
1044 1825 1192 1923 paruuli

94 1947 336 2026 adolescentes
355 1973 466 2048 super
486 1973 601 2049 equos
621 1951 660 2026 iu
679 1952 805 2026 aureis
824 1949 1049 2028 indumentis
1065 1951 1190 2029 sedeur.

95 2075 125 2148 iu
142 2077 246 2153 viridi
266 2079 424 2173 coloris,
445 2079 539 2153 etin
559 2077 681 2176 capite
701 2100 830 2153 eorum
862 2078 1074 2156 diademata
1089 2086 1195 2155 erant

95 2223 161 2277 cum
178 2204 332 2303 kophiis
350 2205 485 2282 eureis.
507 2205 558 2279 Et
577 2211 751 2302 quattuor
770 2205 1055 2304 centapedites,
1077 2206 1191 2282 zula-

96 2326 198 2407 kuues
216 2333 480 2432 appellentur,
499 2333 553 2407 nil
574 2331 677 2407 aliud
694 2339 819 2407 tenen.
840 2333 879 2407 in
898 2334 1071 2409 manibus
1099 2333 1190 2430 suis,

95 2453 257 2535 duntaxat
276 2481 389 2535 vnum
409 2479 521 2534 vnum
540 2468 749 2559 sceptrum,
780 2460 878 2559 quod
906 2469 988 2538 erat
1015 2467 1126 2562 aptus
1152 2462 1192 2540 in

21 2645 22 2684 j
95 2587 248 2665 nauibus
276 2587 375 2684 suis,
413 2589 534 2664 forma
570 2587 716 2686 quidem
744 2587 961 2664 indumenta
988 2611 1116 2666 eurum
1145 2587 1193 2663 ad

21 2697 22 2706 ‘
95 2711 221 2788 nudum
240 2736 359 2812 usque
378 2713 426 2788 ad
445 2736 591 2790 cruram
609 2722 785 2811 tanquam
806 2715 893 2792 elba
922 2714 966 2790 de
995 2715 1193 2808 velamine,

21 2823 22 2836 Ν
94 2845 122 2909 et
137 2863 247 2938 usque
267 2842 315 2916 ad
333 2842 480 2918 lumbos
508 2841 673 2939 quilibet
691 2841 735 2916 de
755 2863 873 2938 uergc
891 2840 1069 2942 purpurio
1089 2850 1195 2919 erant

95 2967 294 3064 procinctti3
315 2969 409 3044 etin
429 2969 553 3068 capite
583 2969 683 3042 iutra
711 2975 793 3043 erat
811 2966 865 3043 'de
895 2969 981 3045 albo
1010 2969 1130 3064 iacta,
1159 2977 1196 3044 et

95 3091 139 3167 sic
155 3093 289 3170 detenti
309 3097 509 3172 currebant
531 3102 623 3170 ante
644 3093 835 3192 Ceserem.
858 3095 909 3170 Et
928 3095 967 3171 in
984 3097 1101 3174 tercio
1120 3103 1194 3174 sta·

95 3234 124 3294 tu
141 3224 335 3301 currebant
362 3223 578 3299 chauaoues
609 3230 785 3321 quattuor
811 3229 919 3298 centa
948 3223 1106 3321 equites.
1145 3223 1196 3298 Et

97 3349 207 3442 quinto
225 3359 325 3428 statu
344 3328 546 3427 currebant
566 3357 652 3425 ante
672 3371 800 3426 omues
819 3350 912 3426 istos
931 3350 1118 3449 predictos
1134 3351 1196 3449 qui

98 3477 317 3574 appellantur
330 3473 683 3580 j(e)gmicharones.
714 3474 881 3574 Cumque
896 3477 974 3573 jam
1003 3477 1195 3574 pervenis·

98 3611 143 3678 set
159 3602 273 3682 Cesar
292 3604 428 3681 Zoltan
448 3603 574 3680 Zelim
594 3603 643 3678 ad
662 3611 812 3703 pontem
832 3602 988 3698 vadum,
1010 3626 1096 3680 mox
1114 3625 1193 3681 sur·

98 3728 287 3836 re(re)ruut
314 3757 439 3812 eoram
468 3757 512 3809 eo
540 3755 622 3807 cum
655 3732 836 3808 inclinatu
865 3731 991 3829 capite
1011 3727 1100 3830 ⁹⁰'.*''
1119 3717 1195 3808 clu·-

99 3881 199 3959 nau,
219 3870 258 3938 et
276 3861 397 3938 dicen.
418 3889 427 3935 ε
452 3859 609 3957 „Halle,
630 3859 752 3955 halla,
773 3859 943 3959 hylala“,
963 3859 1085 3938 tribus
1103 3859 1194 3934 vici·
1219 3905 1223 3912 -

99 3990 171 4088 bus;
189 3999 320 4090 postea
336 3991 376 4065 iu
394 3988 467 4064 fine
487 4017 496 4062 :
522 3985 668 4087 ,de.“
701 3986 753 4061 Et
771 3985 816 4060 dc
835 3985 980 4061 duabus
1004 3983 1196 4083 pixidibus

21 4187 22 4214 ,
100 4119 291 4216 agitaruut
314 4125 493 4216 tanquam
510 4118 643 4192 bucam
663 4131 701 4190 et
717 4115 857 4189 fumum
876 4113 1075 4208 miserunt,
1096 4133 1194 4187 cum-

99 4265 157 4342 que
180 4245 298 4325 Cesar
325 4247 477 4322 volebat
503 4267 571 4344 per
599 4250 749 4342 pontem
768 4261 947 4340 pergere,
976 4246 1014 4314 et
1040 4237 1195 4334 fugare·

96 4380 166 4448 runt
199 4396 282 4449 eum
322 4395 435 4471 super
473 4393 607 4468 aquam
647 4367 714 4445 flui
753 4367 870 4462 Ister,
904 4365 1005 4461 ignis
1042 4365 1194 4440 nitebat

95 4495 229 4577 fumum.

187 4627 278 4705 Inde
298 4627 382 4704 Rex
393 4626 535 4702 deame
554 4623 670 4700 Bude.
693 4620 776 4714 Que
794 4618 949 4716 ingenie
967 4613 1195 4692 Germanica

98 4763 186 4830 eruut
203 4755 337 4856 viginti
359 4759 553 4851 quattuor,
582 4748 775 4826 duodecim
805 4745 924 4822 Cesar
952 4741 1117 4842 portauit
1134 4763 1194 4818 se·
