3248 5210
380 391 456 470 136

381 589 611 668 Fordinandi
631 597 669 666 et
686 585 845 690 palatini
873 587 1056 689 Stephani
1075 586 1211 684 Batou,
1239 594 1278 664 ot
1295 586 1506 688 epistolam

380 717 569 794 cancellar
588 715 734 792 'l'home
753 715 921 816 episcopi
939 715 1151 794 Vaciensis.
1171 713 1370 792 Interdixit
1386 715 1505 810 lega·

379 853 440 921 tus
471 841 763 952 'Germanorum
793 850 830 918 ct
865 842 1049 918 neminem
1087 840 1263 918 deberent
1299 862 1504 933 coronare,

380 970 452 1047 nisi
472 971 668 1070 superiora
686 993 776 1068 pars
795 955 915 1067 quem.
945 969 997 1045 Et
1015 969 1241 1046 relacionem
1265 991 1352 1044 mox
1371 968 1505 1044 obtul·

378 1098 424 1174 lit
458 1104 590 1174 contra
626 1097 791 1195 legatum
830 1095 1081 1194 Fordinandi3
1119 1095 1246 1172 dicens
1271 1095 1355 1172 sie:
1389 1095 1505 1192 „Nos

379 1225 560 1302 habemns
577 1223 723 1302 hostem
752 1225 852 1300 omni
877 1223 959 1321 die,
989 1225 1088 1300 omni
1116 1223 1231 1320 hora3
1259 1243 1504 1320 nequaquam

380 1373 578 1451 possumus
597 1351 643 1426 de
661 1349 745 1440 bae,
760 1350 854 1427 hora
881 1350 1060 1448 dilatare,
1086 1350 1151 1429 sed
1179 1373 1248 1427 nos
1266 1347 1408 1446 Regem
1427 1370 1502 1424 vo·

380 1481 500 1556 lumus
518 1479 694 1556 habere.“
726 1479 868 1556 Partim
894 1480 1071 1557 nolebant
1089 1481 1127 1554 in
1146 1477 1289 1576 Regem
1307 1477 1334 1554 J
1335 1497 1502 1553 oannem

381 1605 589 1702 vaiuodam,
612 1627 722 1702 quum
741 1603 956 1705 Stephanus
975 1606 1145 1684 Verbech
1164 1616 1246 1684 erat
1263 1607 1503 1708 respondens

381 1736 419 1808 in
438 1756 601 1833 persona
627 1733 790 1810 Joannis
809 1733 979 1814 vaiuude.
1010 1733 1055 1810 In
1074 1755 1149 1812 vna
1167 1714 1277 1812 hasta
1302 1758 1387 1811 mox
1414 1736 1500 1812 ele-

380 1883 472 1938 uare
500 1861 589 1936 iecit
616 1883 726 1936 vnam
754 1861 896 1938 bullam
915 1863 953 1936 in
973 1884 1109 1958 magna
1138 1869 1336 1961 coportnra
1354 1861 1501 1959 sigillis

380 1987 647 2088 pendentibus,
668 1997 706 2064 et
724 1987 899 2066 dicebat:
924 1989 1046 2086 „Ecce
1075 1986 1266 2085 Hungari,
1294 1988 1500 2088 promissio

382 2123 419 2190 ot
442 2113 611 2215 pollicita
638 2116 707 2191 sub
735 2113 807 2190 tide
834 2115 993 2212 quilibet
1019 2115 1156 2192 nobilis
1183 2115 1419 2192 comitatibus
1446 2115 1499 2190 ad

382 2242 636 2337 idamaeam,
665 2249 702 2316 et
729 2249 946 2340 magnates,
976 2250 1016 2317 vt
1044 2249 1130 2341 post
1153 2243 1294 2318 obitum
1312 2240 1498 2318 Ludonici

381 2367 500 2465 Regis
518 2391 626 2445 nemo
646 2371 734 2444 erit.
756 2368 985 2446 solummodo
1005 2369 1031 2446 J
1033 2391 1175 2446 oannes
1192 2369 1354 2445 vaiuoda
1372 2368 1498 2446 'l'ran-

382 2497 605 2574 silnanien.“
629 2498 679 2572 Et
698 2521 834 2595 magna
852 2520 943 2574 voce
963 2497 1099 2573 dicen:
1124 2497 1224 2596 „vbi
1242 2521 1303 2592 es,
1333 2495 1497 2596 Stepha-

385 2647 455 2702 nus
474 2623 611 2721 Bat0r‚
640 2647 751 2722 quem
768 2625 814 2700 de
834 2626 941 2701 lance
961 2625 1082 2702 leonis
1101 2623 1329 2702 liberauerat
1347 2621 1496 2702 ted-vbi

382 2775 424 2829 es
442 2773 540 2828 nuno
558 2733 782 2846 Valentino,
812 2773 920 2849 quem
940 2749 1126 2826 infidelem
1146 2749 1418 2850 deputauerant
1435 2774 1496 2828 rc·

383 2877 910 2978 gniooliinMohachpropter
925 2877 1156 2954 obsidionem
1167 2875 1494 2972 mandor-Aluan,
1549 2885 1554 2902 ¹

365 3012 422 3094 ret
439 3006 567 3102 fugam
586 3005 754 3084 dedisses
764 3008 833 3084 sub
848 3009 979 3084 vmbra
997 3005 1023 3082 J
1025 3005 1158 3081 oannis
1168 3004 1376 3100 vaiuodam,
1397 3006 1497 3102 qnod

386 3155 508 3210 arcem
529 3132 800 3209 nobilissimam
818 3131 1198 3210 Nonum-Albenses
1216 3129 1439 3231 perdidisti?
1458 3139 1498 3208 et

387 3259 436 3334 ad
461 3259 646 3356 integrum
675 3282 814 3340 aunum
852 3259 977 3336 nullus
1005 3267 1171 3336 nostrum
1198 3260 1341 3338 sciebat
1367 3259 1431 3335 vbi
1458 3267 1498 3334 te

386 3385 672 3464 absconderas.“
723 3387 845 3462 Multa
879 3387 991 3463 talia¹
1013 3388 1247 3486 proponebat
1282 3385 1499 3485 Stephanus

385 3512 592 3610 Verbwch‚
623 3513 720 3612 quod
747 3537 821 3590 raon
849 3521 930 3590 erat
957 3513 1092 3590 similis
1111 3513 1211 3588 circa
1229 3535 1313 3588 eum
1330 3513 1369 3588 in
1388 3511 1496 3587 Hun-

382 3639 501 3735 garia.
541 3639 592 3714 Et
619 3646 706 3716 erat
728 3661 824 3716 vnus
851 3639 976 3715 milles
1003 3638 1230 3716 Franciscus
1259 3638 1384 3734 Bodo,
1404 3660 1495 3716 ·sur·

353 3767 484 3842 ¹¹rexit
500 3772 539 3842 ct
556 3765 650 3843 dixit
677 3789 815 3864 magna
832 3790 945 3862 voce,
975 3765 1074 3863 quod
1100 3766 1281 3864 regnicoli
1310 3767 1439 3842 volunt
1456 3767 1496 3842 in

384 3893 527 3990 Regem
554 3894 635 3972 lore
664 3894 850 3972 Joannem
874 3893 1083 3972 vaiuodam.
1113 3892 1164 3968 Et
1190 3894 1396 3983 clamantes
1421 3915 1497 3970 vno

383 4041 469 4116 ore,
498 4027 539 4094 vt
565 4020 734 4098 Joannes
762 4023 811 4098 sit
839 4005 943 4117 Rex,
975 4029 1012 4097 et
1029 4021 1178 4118 legatum
1196 4021 1391 4120 sepissime
1409 4041 1496 4118 pro·

382 4145 537 4224 ridebat.
568 4147 620 4223 Et
646 4149 823 4226 volebant
861 4155 1025 4238 mactare
1062 4145 1290 4224 Germanum
1317 4149 1496 4243 legatum.

387 4269 597 4372 „Quidquid
633 4297 702 4351 nos
739 4276 911 4352 volumus
948 4273 1211 4370 determinare,
1248 4273 1329 4374 ipso
1362 4275 1496 4354 iterum

386 4399 555 4478 destruit.
584 4397 698 4478 Circa
714 4401 763 4478 ad
780 4402 903 4502 ipsum
929 4400 1077 4480 bestian
1104 4399 1346 4498 Alcmenam,
1374 4409 1414 4478 vt
1440 4401 1497 4478 iu·

383 4527 608 4604 afficiamus
636 4531 754 4606 eum.“
787 4527 897 4624 Quod
924 4531 1073 4628 legatus
1098 4525 1157 4630 ⁴0·l
1191 4551 1303 4627 quum
1329 4527 1498 4607 audisset

384 4655 553 4754 legatus,
583 4675 694 4752 quam
722 4656 774 4732 nil
804 4661 979 4736 curarent
1006 4653 1178 4752 Hungari
1206 4655 1252 4730 de
1282 4653 1496 4750 Germanis,
