3248 5210
404 435 458 514 44
569 511 572 516 .

509 633 669 710 Intrauit
695 635 845 712 ‹lueissa
872 636 921 710 ad
947 633 1202 732 Huugariam‚
1231 659 1301 736 que
1331 639 1522 720 habuerat

405 785 515 838 ruam
543 768 705 840 ancillam
725 758 760 862 *)
788 762 899 838 nimis
927 762 1136 858 pulcrama
1161 764 1309 841 Joaune
1336 764 1519 844 corvino.

404 888 455 963 Et
473 911 558 963 mox
576 897 662 986 post
679 888 877 964 intrantem
897 911 983 964 aree
1004 885 1155 987 Gywla
1176 894 1371 992 oooupauit
1388 895 1520 972 statim

402 1038 528 1090 aroem
564 1013 728 1112 Soljmus
756 1023 794 1090 et
820 1013 980 1112 Lippam
1017 1017 1204 1092 ciuitatem
1241 1021 1439 1116 munitam,
1482 1031 1522 1096 et

403 1165 527 1218 areem
546 1141 797 1236 Vilagoswar‚
818 1149 855 1217 et
872 1143 1037 1239 puellam
1055 1166 1151 1218 rmus
1170 1167 1327 1242 maguus
1345 1146 1521 1224 dominus

404 1270 552 1346 nomine
570 1269 701 1344 Paloei
721 1267 886 1344 lliehael
904 1268 1199 1368 desponsauerat
1216 1273 1302 1348 sibi.
1333 1271 1521 1350 Seneiens

403 1398 500 1472 latro
520 1395 736 1490 Emerieus,
767 1396 865 1491 quod
883 1396 916 1472 si
934 1397 1130 1492 generabit
1148 1397 1287 1474 liberos
1305 1398 1351 1474 de
1370 1402 1519 1496 magni-

404 1519 476 1596 lieo
497 1521 650 1614 Pelori,
680 1521 807 1596 forsan
826 1521 875 1595 ad
894 1522 1057 1597 futurum
1083 1524 1319 1600 wloiseentur
1338 1527 1372 1601 ei
1391 1526 1440 1601 ad
1458 1528 1519 1602 fu·

403 1655 536 1740 turum,
557 1655 725 1722 etenum
745 1646 887 1723 kokum
905 1649 1042 1723 bonum
1053 1649 1239 1725 ordinauit
1256 1652 1381 1748 puelle
1401 1654 1518 1729 valde

405 1782 486 1851 arte
511 1775 655 1858 fereula
682 1774 900 1873 disponere3
925 1783 963 1850 et
989 1798 1113 1851 eoram
1141 1777 1289 1852 domina
1313 1801 1382 1854 sua
1406 1779 1520 1876 quasi

407 1901 481 1976 mel
500 1901 726 2001 procedebat
743 1902 861 1978 verba
878 1924 957 1996 sua,
977 1907 1141 1978 attamen
1159 1903 1198 1976 in
1217 1904 1326 1981 eorde
1345 1905 1399 1982 iel
1415 1907 1517 1980 fere-

403 2029 479 2102 bat.
512 2025 715 2106 Constituit
733 2027 781 2103 ad
799 2028 997 2104 sanitatem
1025 2029 1150 2127 puelle
1178 2029 1333 2125 colum,
1361 2038 1399 2134 et
1416 2033 1519 2108 ooko

406 2155 577 2250 promisit
594 2163 671 2231 tres
696 2155 808 2236 villas
832 2153 937 2250 dare,
963 2164 1000 2230 et
1018 2157 1055 2229 in
1075 2155 1253 2232 nobilium
1277 2158 1400 2234 faeere
1419 2179 1518 2236 eum.

408 2279 459 2354 Et
475 2281 558 2378 ipse
575 2282 673 2356 latro
698 2280 898 2379 spopondit
916 2309 926 2355 :
949 2281 1025 2376 „Et
1041 2283 1223 2380 paulatim
1250 2283 1519 2378 exalouit;“-

407 2405 497 2508 list·
526 2407 707 2505 paulatim
725 2408 843 2482 eciem
860 2407 950 2482 feeit
973 2408 1124 2484 exulare
1148 2408 1194 2483 de
1219 2409 1365 2486 mundo.
1386 2409 1438 2486 Et
1455 2435 1520 2487 oo·

406 2533 532 2610 kokus
551 2533 607 2636 **)
626 2536 763 2612 saltum
781 2537 938 2630 fecerat,
960 2537 1046 2632 quia
1064 2545 1260 2613 senserant
1277 2537 1382 2614 koluo
1401 2539 1519 2614 latro·

407 2661 561 2756 oinium,
583 2671 621 2736 et
645 2667 691 2738 ab
717 2663 889 2738 Emeriro
918 2663 1077 2761 optinuit
1100 2669 1178 2739 tres
1201 2664 1325 2740 villas.
1355 2665 1406 2739 Et
1430 2663 1519 2740 iude

407 2789 571 2886 puellam
598 2811 679 2865 eum
707 2813 844 2885 magna
881 2789 1089 2866 reuerentia
1126 2792 1274 2889 sepulta
1309 2797 1390 2866 erat
1416 2797 1518 2890 opud

406 2917 618 2993 monachos.
649 2917 700 2990 Et
724 2940 795 3014 ego
822 2925 1017 3016 precentor
1045 2941 1147 2993 eram
1169 2918 1208 2994 iu
1227 2919 1388 2994 eeclesia
1404 2941 1518 3017 poro-

404 3041 538 3135 oriali,
559 3049 596 3116 et
613 3063 695 3118 eum
713 3041 825 3119 soeiis
843 3049 1079 3118 mutaueram
1097 3045 1315 3141 spalterium
1333 3040 1410 3144 ***)
1432 3051 1518 3120 oeto

406 3169 588 3266 personis,
609 3175 647 3243 et
665 3175 747 3244 ooto
767 3170 921 3246 markas
940 3168 1128 3246 dederant.

514 3293 677 3370 Posthee
694 3295 767 3370 ista
786 3294 934 3371 ducissa
949 3296 988 3371 in
998 3296 1128 3372 maiori
1147 3294 1326 3372 viduitate
1344 3317 1517 3394 perman-

407 3419 467 3512 sit,
488 3426 526 3494 et
543 3419 628 3494 inde
647 3417 856 3494 Laureuoio
875 3419 958 3496 duel
976 3429 1128 3520 propter
1145 3421 1256 3498 fidem
1274 3430 1412 3499 terrore
1419 3419 1518 3520 W)

408 3545 480 3621 sibi
499 3551 613 3621 totam
633 3545 861 3645 prouinoiam
882 3543 1125 3646 Gywlensem
1144 3549 1285 3624 feeerat
1301 3553 1450 3642 taxare,
1478 3556 1517 3622 et

407 3694 454 3746 ex
473 3672 617 3750 eolonis
635 3673 786 3770 exigere
804 3673 913 3767 feeit,
943 3681 980 3748 et
998 3673 1043 3748 de
1062 3697 1152 3752 auro
1180 3676 1330 3773 quintos
1355 3672 1518 3751 florenos

408 3797 556 3875 admisit
580 3795 659 3902 (ad)
684 3799 812 3875 durem
837 3797 1101 3896 Laurenoiom,
1128 3803 1191 3900 qui
1216 3809 1297 3880 erat
1314 3800 1519 3902 pugillator

408 3924 495 4001 fidei
513 3927 643 4003 bonus.

408 4127 728 4144 *¹*-

479 4231 512 4298 θ)
532 4230 595 4287 Mas
615 4226 668 4286 lle
687 4227 757 4284 elta!
773 4229 888 4302 jarites
909 4227 1042 4300 „filiarum

460 4321 516 4386 ”l
535 4321 615 4378 Am
635 4318 794 4392 „Coquue.“

444 4411 517 4478 m)
536 4411 616 4466 Am
636 4409 851 4474 „vallatione

426 4501 518 4569 *ml
539 4493 603 4558 Mla
621 4500 675 4557 ke'a
691 4501 805 4578 jarites
827 4503 991 4574 „jnrraatr
1082 4563 1086 4570 Ι
