3248 5210
1123 471 1199 550 1oe
1241 437 1244 442 ’

106 669 259 767 quioquid
285 669 444 766 egotibi
471 668 625 767 promisi
652 667 812 764 donare,
841 669 938 747 dabo
957 671 1047 766 tibi;
1067 679 1109 748 vt
1127 695 1199 770 ego
1291 621 1292 624 Ν

106 819 142 872 ne
158 796 220 872 sim
237 799 421 895 perjurus,
439 797 575 872 bonam
593 795 834 893 prouinciam,
855 797 952 893 quod
969 798 1096 896 possis
1113 823 1198 898 per·

106 930 201 1022 petuo
217 922 382 1000 residere
401 923 595 998 interram
615 922 785 998 bonam.“
818 921 938 1000 cesar
955 923 1143 1001 ordinauit
1159 927 1198 1004 in

23 1125 24 1146 Ν
105 1050 203 1128 arehe
235 1049 510 1126 Neorion-Albe
546 1055 736 1148 proteetor
772 1071 860 1126 suos
898 1072 981 1126 oum
1009 1051 1132 1148 viotu,
1161 1059 1200 1128 et

23 1147 24 1192 Ν
105 1176 263 1275 quidquid
281 1175 496 1254 necessaria
516 1178 731 1275 oportebat,
760 1178 856 1252 bene
875 1178 1087 1254 eollooauit.
1118 1180 1195 1257 Va·

104 1307 208 1382 houm
233 1304 371 1381 Blasoo
400 1325 482 1379 eum
510 1303 683 1380 eonsoeio
716 1325 784 1381 suo
812 1301 960 1402 Morgaj
995 1304 1134 1382 Janehi
1160 1313 1199 1384 et

105 1431 280 1530 prouinoia
307 1429 578 1508 Traeianorum
607 1429 879 1528 Branohosagh
896 1431 1086 1530 ineampo
1104 1431 1197 1512 ‹leli-

104 1559 189 1634 cioso
215 1579 296 1633 eum
324 1556 577 1655 pervenisset,
608 1555 736 1632 dixit:
774 1556 916 1654 „Vides
944 1557 1071 1654 Blaai,
1100 1559 1198 1638 hano

104 1685 273 1782 regionem
292 1683 461 1783 puloram
485 1683 680 1779 diligiane‚
710 1681 772 1760 hie
788 1683 857 1759 tibi
875 1684 1077 1762 residere.“
1108 1683 1198 1785 Ipse

22 1823 24 1910 ζ
104 1812 205 1888 lixit:
237 1812 294 1909 „0
322 1813 484 1907 vtinam,
523 1811 670 1888 domiue
699 1809 855 1890 Cesar.“
888 1809 974 1890 cito
1002 1813 1083 1892 iore
1109 1814 1200 1892 feeit

22 1925 23 2016 s
104 1961 195 2014 mam
223 1961 409 2016 eameram
437 1939 507 2015 sub
534 1944 692 2033 terram,
712 1945 750 2014 et
767 1959 897 2014 omnes
915 1939 1008 2016 duos
1026 1940 1198 2018 uiuentes

21 2060 23 2180 l
106 2067 445 2168 presepitprojieere
456 2066 672 2163 adtonsum,
682 2073 720 2142 et
729 2087 842 2165 super
851 2067 955 2165 ipsos
964 2068 1115 2166 eopiose
1123 2075 1197 2144 ter:

21 2187 23 2240 i
105 2217 170 2270 ram
178 2195 371 2294 projicere,
390 2199 428 2268 et
444 2192 819 2270 nnnoinholiiernum
837 2192 934 2270 diem
952 2193 1005 2270 ibi
1022 2193 1199 2272 resident.
1366 2179 1369 2190 ’

21 2297 23 2370 l
105 2319 150 2396 Ita
172 2323 313 2421 plaeet.
342 2330 381 2398 et
405 2321 535 2396 merito
565 2323 613 2396 ab
641 2321 736 2420 ipsis
762 2321 896 2420 punire
914 2319 1124 2399 Oristianos
1142 2322 1197 2397 di-

104 2457 235 2545 menn
254 2450 343 2546 quia
361 2449 470 2525 fidem
489 2471 595 2526 auam
614 2455 799 2526 remutant
816 2455 969 2548 propter
987 2447 1097 2528 fidem
1116 2447 1197 2526 Ma-

104 2585 297 2654 eonestam.
329 2575 467 2653 Melius
485 2575 646 2671 diligunt
664 2575 772 2654 fidem
790 2575 1067 2654 ismaelitarum
1087 2599 1196 2674 qnam

104 2725 256 2796 snarnm3
276 2701 441 2778 vendunt
458 2725 527 2800 pro
546 2701 772 2797 muneribus,
792 2703 940 2778 natent
956 2725 1025 2802 pro
1043 2703 1196 2790 liberta·

20 2871 22 2910 ;
104 2837 161 2906 ten
178 2831 334 2908 malicie.
365 2829 416 2904 Et
433 2830 641 2906 intrauerat
668 2827 787 2906 Cesar
805 2831 843 2906 in
862 2831 1028 2930 profesto
1047 2829 1195 2908 deoola·

105 2955 203 3036 o'onis
221 2958 391 3057 Baptiste
409 2979 507 3034 anno
528 2956 680 3034 Domini
703 2951 816 3034 1521.

385 3331 717 3435 (enoruunon
752 3329 896 3434 nnn).

191 3591 355 3670 Posthee
382 3590 454 3668 iste
481 3589 625 3666 Paulus
652 3587 832 3668 Thomori
858 3588 1064 3668 intrauerat
1081 3589 1120 3664 in
1138 3611 1196 3665 ro-

20 3703 21 3782 l
106 3719 260 3816 igionem
288 3715 456 3794 Bernard
481 3716 552 3793 iste
569 3715 618 3792 ad
635 3715 874 3794 claustralem
901 3737 1028 3793 eorum
1045 3715 1084 3790 in
1103 3713 1195 3792 stri-

20 3787 22 3898 Ι
107 3849 232 3940 gonien.
253 3847 384 3947 Ipsum
400 3845 463 3922 isti
482 3849 677 3940 magnates
695 3844 932 3942 suplioabant
945 3843 992 3938 ei,
1003 3841 1196 3920 vtvoniret

107 3981 193 4052 entra
227 3977 274 4051 de
311 3975 497 4068 elaustro,
526 3977 565 4046 et
591 3978 799 4050 assumeret
834 3969 1195 4068 archiepiscopatum

110 4097 332 4178 Baohiensem
360 4121 443 4175 eum
471 4098 676 4198 prouinciis
703 4097 795 4176 suis.
824 4095 891 4172 Ait
908 4095 1092 4173 monakus
1114 4097 1194 4194 jam

20 4281 21 4312 r
109 4225 228 4306 Paulus
255 4227 469 4306 Thomori:
501 4225 670 4324 „Tamen
706 4221 911 4302 Ladislaus
946 4229 1195 4323 ooonpauerat

20 4349 21 4398 ³
110 4349 243 4454 Zethi,
272 4361 310 4432 et
336 4355 462 4430 bullas
479 4353 639 4452 scriptas
668 4351 817 4447 haben,
847 4358 886 4428 et
907 4354 987 4450 jam
1013 4371 1085 4447 ego
1109 4371 1192 4428 sum

20 4559 21 4572 Ν
110 4481 297 4578 professus,
328 4503 560 4580 nequaquam
586 4500 738 4579 possum
775 4484 906 4556 eontra
932 4476 1041 4554 fldem
1071 4499 1192 4556 meam

20 4631 21 4718 f
112 4609 281 4708 queqmm
308 4631 422 4706 agere
448 4610 530 4686 aine
557 4605 841 4706 dispensacione
868 4603 1053 4705 papalis.“
1084 4602 1194 4696 Quod

112 4735 244 4834 aetion,
263 4745 303 4814 et
319 4761 405 4817 mox
423 4737 521 4835 Regi
540 4734 734 4812 Ludouioo
752 4734 978 4814 referebant.
998 4731 1049 4808 Et
1066 4733 1192 4812 statim
