3248 5210
1037 469 1195 592 ¹4o

95 669 187 764 dicis,
205 667 356 746 domine
366 665 522 765 Georgi,
542 667 632 766 quia
649 667 821 746 intellexi
841 667 892 746 de
904 665 1082 768 loquellis
1102 671 1193 770 suis,

95 795 312 890 etaerutaui,
333 794 479 894 quando
499 795 605 872 ibunt
622 795 662 870 in
680 817 756 870 vna
773 795 874 873 cella
891 817 1018 872 omnes
1043 795 1092 873 ad
1110 798 1193 875 dor-

95 921 286 1016 uiendum,
312 921 475 998 Turcam
494 921 708 998 continuum
726 922 879 1020 pocius,
909 945 1020 1020 quam
1039 922 1194 1000 Solano-

93 1048 179 1124 uiam
197 1051 262 1126 vel
278 1049 430 1125 aliam.“
463 1050 515 1124 Et
532 1071 619 1125 mox
637 1048 772 1123 iterum
791 1055 970 1125 suttorem
989 1058 1196 1147 capuerunt
1338 1133 1341 1142 ,

94 1176 182 1250 etad
198 1172 421 1278 carce(rc)m
439 1176 586 1274 positus
604 1183 686 1252 erat
703 1175 742 1250 in
766 1182 957 1274 perpetue.
996 1172 1194 1274 Quumque

95 1309 125 1378 in
140 1302 357 1402 captiuitate
383 1326 452 1380 sua
471 1302 577 1378 vovit
595 1309 721 1377 votum
748 1299 797 1376 ad
821 1301 978 1377 Beatam
996 1302 1195 1400 Virginem

94 1427 300 1508 dlcmtako
311 1429 358 1533 *),
379 1431 469 1508 ilico
488 1429 682 1508 absolutus
700 1429 783 1526 fuit,
804 1436 842 1505 et
860 1452 946 1505 mox
964 1430 1013 1505 ad
1023 1429 1195 1526 Regnum
1330 1487 1332 1492 -

93 1559 468 1654 translatusPolonie,
488 1565 526 1635 et
542 1580 610 1656 per
634 1550 688 1657 ll}
708 1557 807 1634 rexit
827 1558 990 1633 etsoluit
1006 1565 1096 1633 uota
1113 1577 1193 1634 sua.

95 1683 136 1759 Et
150 1685 188 1760 iu
206 1683 363 1782 apidulo
382 1680 564 1786 Sarki**)
583 1683 902 1764 matrimonisotus
930 1689 1007 1778 est,
1036 1691 1074 1760 et
1099 1684 1196 1782 opti-

13 1897 15 1932 )
95 1831 161 1886 uos
176 1810 322 1886 liberos
340 1809 465 1890 habet.
512 1810 565 1886 Et
581 1833 695 1886 vnum
713 1809 762 1886 ad
779 1809 928 1885 laudem
945 1809 1022 1886 Dei
1042 1810 1196 1909 deputa·

13 1985 15 2058 ξ
94 1935 148 2030 uit,
166 1959 286 2034 quare
304 1937 345 2012 in
362 1937 428 2013 via
445 1943 503 2014 est
530 1935 724 2036 opidulus,
754 1961 903 2036 semper
930 1938 970 2014 in
997 1938 1196 2044 itineribus

95 2063 174 2140 neis
191 2065 252 2140 eis
270 2060 474 2166 bospitaui.
1241 2155 1247 2166 ,

184 2189 328 2267 Tereia
345 2191 504 2270 tradicio
524 2197 608 2266 erat
632 2189 795 2288 ajudeis
820 2187 1078 2287 Budensibus3
1107 2191 1196 2290 quia

92 2313 179 2410 iudei
205 2317 382 2394 solebant
407 2317 538 2394 venire
565 2316 775 2394 Turcarum
803 2312 958 2394 (lesaris
991 2318 1040 2393 ad
1062 2318 1198 2416 judeos

97 2439 297 2538 Bidenses,
334 2451 373 2520 et
406 2442 583 2541 quicquid
618 2423 819 2519 audiebant
846 2451 884 2520 et
909 2444 1079 2521 sciebant
1111 2469 1197 2522 mox

96 2572 283 2647 currebant
318 2591 465 2646 rursum
500 2570 549 2645 ad
575 2573 704 2648 vrbem
734 2569 1122 2669 Constantinopolim,
1161 2579 1199 2648 et

96 2695 205 2770 omnia
233 2693 391 2772 Cesaris
417 2673 577 2772 fideliter
596 2701 866 2795 presentabant
892 2699 932 2774 in
961 2699 1196 2775 sermonibus

96 2820 162 2896 nis
178 2821 449 2919 Hungarorum
468 2821 736 2900 dissensiones.
784 2825 836 2900 Et
863 2826 940 2923 ipsi
967 2826 1067 2900 elam
1084 2823 1197 2898 vehe-

97 2946 172 3024 bant
207 2949 506 3026 meroimonialia
534 2947 743 3026 Turcarum
779 2949 828 3025 ad
856 2949 1001 3026 Budam
1027 2949 1197 3042 diuerse3

13 3059 14 3152 s
97 3077 232 3154 stratui
252 3075 427 3174 Hungari
444 3076 677 3154 mirabantur
694 3076 793 3154 vnde
810 3085 1015 3176 portarent.

186 3201 338 3296 Quarta
353 3203 513 3280 tradicio
534 3209 615 3280 etat
632 3227 657 3280 a
675 3203 877 3282 Tracianis
896 3206 935 3282 in
954 3205 1088 3300 Kewi3
1108 3225 1198 3302 quo·

98 3327 180 3404 ulam
199 3339 240 3406 et
260 3330 335 3428 ipsi
352 3329 601 3406 mercanciam
618 3331 731 3406 valde
749 3337 1013 3429 exsequuntur.
1043 3330 1200 3430 Semper

100 3455 211 3554 stipsi
243 3455 544 3534 meroimonialia
570 3457 729 3553 largiter
746 3459 936 3535 habebant
955 3465 992 3534 et
1010 3456 1200 3533 vehebant

100 3579 137 3656 ud
149 3581 400 3680 Hungariam,
419 3591 457 3660 et
474 3583 514 3660 in
531 3584 741 3661 teutonibus
759 3585 840 3661 suis
852 3607 1000 3684 semper
1009 3584 1200 3660 habebant

13 3803 14 3820 ,
100 3726 193 3784 mum
211 3710 280 3785 vel
297 3709 391 3786 duos
409 3709 583 3804 Turkos,
612 3715 650 3785 et
667 3711 723 3788 sic
749 3711 923 3788 continue
942 3709 1103 3790 fideliter
1120 3733 1199 3789 ser·

100 3833 238 3912 nebant
257 3835 476 3912 Turdorum.

190 3962 336 4056 Quinta
363 3963 522 4040 tradicio
552 3971 633 4042 erat
663 3988 688 4039 a
715 3959 923 4042 Turcarum
952 3963 1106 4042 Cesaris
1133 3986 1201 4064 per

13 4063 15 4172 l
102 4107 196 4164 mum
214 4096 460 4166 mercatorem
478 4113 605 4167 senem
633 4091 680 4167 de
698 4091 898 4170 Brassowo
923 4091 1073 4168 nomine
1090 4091 1117 4169 J
1119 4114 1200 4168 ero·

101 4213 218 4296 nimus.
272 4217 328 4292 Et
353 4223 571 4318 portauerat
598 4217 861 4316 copiosissime
889 4217 935 4294 de
962 4217 1134 4294 zinziber
1153 4216 1200 4294 de

101 4337 237 4422 larcia
267 4342 402 4442 Itaque
419 4343 700 4422 admirabantur
726 4345 880 4445 populi,
909 4351 947 4420 ct
972 4343 1085 4422 nimis
1113 4365 1201 4422 caro

13 4563 16 4698 ἱ
143 4575 172 4642 *t
190 4575 270 4630 Azan
289 4573 464 4631 Cscnstocbd
481 4573 782 4649 Lengyelorsadgban.

13 4705 14 4726 r
130 4663 174 4730 ”l
192 4663 233 4721 ltt
250 4665 395 4721 keadddik
414 4683 449 4721 aa
467 4667 575 4722 eredsti
594 4665 690 4722 Codex
709 4665 751 4721 1⁷.
772 4664 873 4736 lovels,
892 4665 1026 4740 mclynelr
1044 4665 1106 4723 clad
1123 4664 1203 4740 lapja

13 4739 15 4778 l
106 4765 148 4824 en
163 4755 289 4812 vonum
306 4753 395 4830 vogig
412 4773 469 4816 van
487 4753 623 4816 otherra.
713 4788 717 4803 ·
1085 4828 1088 4837 Ι

13 4841 14 4870 ¹
147 4859 234 4904 uum
250 4863 325 4906 coac.
342 4863 359 4904 ι.
960 4831 994 4936 ζ4

13 4899 15 4980 l
