3238 5228
423 459 503 538 2Ίο

422 683 515 754 cum,
536 681 608 758 que
627 667 734 734 erant
750 661 880 755 pulcre
899 667 937 734 et
956 659 1151 756 meliores3
1171 671 1210 737 et
1228 661 1425 740 duodecim
1443 663 1547 762 Regi

422 787 447 864 J
450 787 583 863 oannis
612 785 763 864 admisit
788 787 827 861 in
857 808 943 862 arce
972 785 1090 862 Buda.
1121 787 1174 862 Et
1203 788 1248 864 de
1267 790 1348 866 illis
1366 791 1550 868 mitebant

422 913 588 1010 sagitare
607 937 652 989 ac
671 913 894 992 intonabant
921 920 1069 1008 coacte,
1100 915 1199 1012 quod
1217 917 1320 996 auris
1338 925 1468 996 nostre
1488 920 1543 995 in·

422 1041 638 1120 auriebant.
668 1041 720 1116 Et
747 1041 793 1116 de
813 1047 958 1117 nal-aloc
987 1041 1180 1118 duodecim
1204 1043 1260 1121 sic
1278 1069 1458 1122 resonare
1479 1069 1545 1122 cu·

421 1169 579 1265 gabant,
609 1175 647 1243 et
673 1167 718 1244 de
746 1167 827 1244 illis
855 1174 1030 1264 quattuor
1058 1169 1342 1268 lacerabantur,
1372 1181 1410 1248 et
1433 1173 1548 1271 stipis

423 1319 534 1372 vnum
563 1296 682 1372 vinum
711 1293 976 1390 interfecerat;
999 1297 1151 1394 junonis
1173 1306 1266 1374 erat.
1297 1299 1348 1374 Et
1365 1300 1405 1374 in
1424 1299 1546 1376 tercio

421 1429 554 1521 postea
572 1421 784 1519 Regieetati
802 1422 841 1496 in
859 1421 976 1521 tybiis
995 1423 1263 1501 tubicinatores
1286 1425 1414 1522 pulcre
1434 1447 1545 1504 cane·

420 1553 512 1628 bant
529 1573 664 1626 amena
681 1572 786 1625 voce.

528 1677 579 1754 Et
592 1679 672 1774 jam
691 1698 804 1774 quum
823 1673 943 1752 Cesar
958 1677 1198 1774 pervenisset
1215 1677 1263 1752 ad
1281 1679 1440 1754 alteram
1455 1701 1546 1778 par-

420 1815 496 1880 tem
514 1803 603 1880 vadi
622 1811 796 1902 pontem3
826 1802 878 1878 ibi
905 1803 1078 1879 similiter
1105 1803 1321 1902 inceperant
1343 1805 1535 1902 fumigare

421 1933 470 2006 Et
488 1933 526 2006 in
546 1953 677 2028 campo
706 1928 841 2006 Rakos
869 1926 989 2004 Cesar
1017 1953 1133 2029 prope
1161 1927 1322 2008 Cubach
1340 1931 1546 2008 extendere

416 2058 529 2158 jussit
555 2057 745 2136 tenthoria
772 2079 852 2134 sua.
883 2056 935 2130 Et
953 2057 1074 2132 omnis
1101 2063 1180 2132 tota
1199 2056 1428 2134 Ismuelitica
1446 2081 1546 2154 gens

421 2187 647 2284 inspectum
675 2182 777 2260 illius
806 2182 1007 2260 extendere
1035 2183 1224 2280 iecerunt;
1256 2193 1295 2260 et
1320 2186 1374 2262 ibi
1390 2183 1543 2283 procla-

422 2334 522 2388 mare
542 2313 684 2388 iecerat
703 2307 823 2388 Cesar
841 2309 1071 2404 Turnacum,
1093 2311 1250 2408 quilibet
1267 2312 1404 2390 lbrinat
1422 2319 1461 2386 et
1480 2335 1542 2390 vs-

421 2462 492 2536 que
512 2439 561 2514 ad
578 2436 851 2515 Nandcr-Alba
870 2439 1009 2514 victum
1028 2440 1186 2538 aquirat.
1218 2439 1269 2514 Et
1286 2436 1407 2516 Cesar
1425 2439 1541 2516 desti-

422 2576 577 2646 nauerat
595 2566 788 2646 duedecim
807 2567 987 2642 camellos
1006 2589 1164 2662 magnos
1176 2566 1226 2642 ad
1235 2589 1360 2642 arcem
1380 2565 1541 2648 Bndam.

420 2707 456 2770 et
493 2697 587 2772 istos
621 2693 801 2770 camellos
838 2694 1057 2770 sarcinnare
1095 2695 1262 2770 fecerant
1290 2717 1372 2770 curn
1400 2695 1542 2772 farina.

421 2829 597 2918 quantum
617 2827 818 2918 potuerunt
835 2828 1014 2898 strauere.

693 3107 1026 3211 (cnrrrunuu
1063 3105 1261 3210 nxxrx).

527 3331 578 3406 Et
605 3330 740 3406 iterum
768 3330 957 3406 ordinauit
992 3352 1077 3406 sese
1110 3330 1157 3406 ad
1186 3328 1363 3406 Cesaram
1401 3327 1542 3405 Zoltan

421 3457 551 3534 Zelim.
590 3453 643 3530 Et
670 3481 693 3531 a
720 3451 827 3552 Rege
857 3455 885 3532 J
887 3477 1007 3532 oanne
1044 3477 1289 3553 sepenumero
1327 3452 1539 3545 audiebam,

420 3584 517 3681 quod
536 3581 656 3660 Cesar
676 3583 885 3660 Tmcarum
912 3583 1040 3678 gliscit
1068 3582 1195 3660 videre
1223 3605 1399 3660 coronam
1418 3603 1538 3677 ange-

419 3713 541 3786 licam.
575 3708 698 3802 Quum
736 3711 837 3786 circa
873 3711 995 3807 ipsum
1032 3711 1251 3806 equitabant
1284 3709 1332 3784 ad
1359 3709 1540 3786 Veterem

423 3837 563 3914 Budam
591 3837 644 3914 ibi
673 3843 876 3932 rogauerat
903 3835 1047 3932 Regem
1075 3836 1283 3927 Joannem,
1313 3844 1353 3909 vt
1380 3833 1457 3910 sibi
1474 3833 1538 3908 de·

422 3970 645 4042 monstraret
664 3985 838 4040 coronam
858 3964 1079 4059 angelicam.
1107 3963 1159 4040 Et
1176 3969 1392 4060 portauerat
1409 3983 1537 4040 cecum

422 4091 503 4168 Rex
524 4090 550 4168 J
552 4113 694 4168 oannes
722 4113 897 4166 coronam
916 4089 964 4164 ad
984 4089 1118 4168 Rakos
1135 4095 1184 4166 ad
1202 4089 1382 4168 Cesarem
1399 4087 1538 4166 chtan

421 4219 561 4308 Zellm,
596 4217 714 4294 etsie
741 4215 937 4292 admodum
974 4217 1235 4314 equitauerunt
1271 4215 1318 4293 ad
1355 4213 1537 4294 Cesarem

419 4355 524 4422 tantu
552 4365 704 4421 numero
731 4343 829 4422 sicut
847 4343 895 4418 ad
913 4345 1091 4422 Veterem
1111 4344 1265 4420 Budam.
1296 4343 1347 4418 Et
1364 4343 1450 4419 Rex
1470 4343 1538 4422 Jo-

422 4495 538 4548 annes
574 4471 691 4548 tercio
729 4471 874 4546 locutus
908 4471 978 4544 fuit
1000 4473 1080 4568 jam
1108 4495 1190 4548 curn
1218 4469 1359 4548 Cesare
1388 4469 1537 4557 'Furem

420 4601 537 4696 primo
556 4599 598 4676 in
614 4598 797 4694 Muhach,
818 4597 980 4677 secundo
999 4599 1039 4679 in
1057 4601 1189 4680 Veteri
1208 4597 1334 4692 Buda,
1361 4597 1537 4673 tarciario

421 4728 459 4802 in
478 4723 619 4802 Rakoe.
636 4725 686 4800 Et
704 4727 740 4802 in
760 4725 948 4823 papilione
959 4723 1115 4805 Cesaris
1134 4725 1305 4826 deposuit
1325 4723 1536 4820 angelicam
