3226 5220
1163 473 1238 552 lau

140 671 272 759 camut,
301 665 366 762 qui
393 665 592 764 deputatus
620 666 668 741 ad
701 669 927 746 monetarios
965 670 1172 768 prouideri,
1202 681 1240 749 et

140 791 293 868 dixerunt
322 793 386 867 ei:
410 794 509 889 „Vbi
537 800 594 868 est
611 793 830 872 thesaurum
857 797 1017 874 Joannis
1036 797 1173 897 Regis,
1203 807 1241 876 et

139 917 248 992 statim
265 926 484 1016 presentare
503 919 642 997 debeas
661 943 787 998 coram
804 924 912 1001 nobis
931 925 1160 1022 ciuitatibus3
1180 927 1239 1004 sin

139 1051 247 1120 autem
264 1045 330 1119 the
347 1046 530 1122 faciamus
548 1047 674 1122 statim
694 1049 871 1144 cruciari,
899 1057 1120 1149 extorquere
1139 1052 1184 1128 de
1202 1059 1239 1126 te

139 1168 219 1263 llll·
238 1195 393 1248 rnorem
418 1180 519 1249 tuam
540 1198 621 1251 cum
650 1175 740 1252 filiis
768 1177 842 1254 tuis
869 1179 1020 1256 insimul
1049 1187 1240 1259 conterere

140 1297 337 1376 debemus.“
370 1301 421 1375 Et
434 1303 657 1398 jurauernnt
675 1307 744 1380 sub
763 1305 836 1379 fide
855 1330 943 1400 sua,
976 1307 1074 1404 quod
1091 1330 1184 1405 pure
1204 1313 1241 1382 et

141 1425 200 1500 rita
218 1426 325 1502 debet
342 1437 604 1526 representare
624 1453 748 1505 coram
767 1433 834 1507 eis.
855 1432 904 1505 Et
921 1434 1154 1530 presentauit
1172 1433 1239 1526 eis,

140 1559 171 1626 et
187 1577 249 1650 pro
268 1554 399 1631 labore
427 1561 661 1631 succentum
689 1580 835 1634 mareas
864 1566 1128 1635 concesserunt
1155 1559 1238 1653 sibi,

141 1687 172 1752 et
186 1682 291 1778 plura
309 1686 357 1756 cd
377 1681 613 1756 refectorium
633 1681 795 1758 ciuitatis
815 1685 1053 1761 obtullerunt.

233 1807 388 1884 Interim
417 1831 558 1884 armam
577 1831 682 1884 suam
701 1832 815 1907 super
832 1811 1013 1908 parietem
1041 1812 1241 1912 aplicatam

141 1935 279 2032 luppum
307 1941 543 2011 retraxerunt
561 1943 598 2010 at
617 1935 665 2010 ad
683 1959 796 2010 vnum
824 1937 1008 2014 canicullo
1027 1939 1241 2034 ligauerunt

142 2083 212 2135 rum
238 2063 498 2156 straminibus,
527 2071 564 2137 et
590 2064 745 2162 insuper
778 2064 990 2161 mingerunt
1012 2089 1094 2141 eum
1122 2066 1240 2143 vrinis

142 2188 209 2264 suis
227 2195 262 2264 et
280 2189 628 2266 destercorauerant
646 2197 778 2288 postea
789 2191 1044 2266 eumhumaua
1063 2199 1240 2269 stercora.

144 2311 185 2384 Et
208 2317 358 2414 insuper
396 2315 641 2391 incenderunt
677 2323 876 2392 strameam
905 2341 1019 2416 super
1047 2341 1177 2394 canem
1204 2327 1243 2394 et

143 2441 300 2518 dicebant
336 2441 589 2517 blasfeman:
622 2442 743 2538 „Ecce
771 2443 854 2518 Rex
882 2443 1006 2540 canis3
1045 2468 1130 2520 ecce
1159 2444 1242 2520 Rex

143 2569 274 2664 cauis‚“
307 2569 539 2644 incessanter
566 2570 859 2667 proclamabant.
899 2570 951 2644 Et
982 2592 1052 2666 ego
1080 2570 1176 2666 vidi,
1204 2577 1241 2645 et

144 2696 245 2793 aliqui
273 2696 364 2771 boni
394 2695 502 2769 amici
532 2693 716 2791 Hungari.
757 2697 881 2792 „Vere
906 2696 1142 2792 dico-vobis,
1173 2719 1240 2794 pro

142 2825 251 2898 statim
270 2823 377 2900 Deus
397 2822 602 2898 altissimus
630 2822 803 2898 exaudiet
831 2845 934 2917 enm,
960 2830 997 2897 et
1016 2823 1120 2898 Deus
1139 2825 1244 2900 solus

144 2949 335 3027 vindicabit
370 2947 556 3026 loannem
601 2948 781 3045 Regem.“
823 2947 1003 3025 Simulau.
1043 2947 1241 3025 dicebam:

147 3077 255 3168 „Vere
275 3099 414 3172 magna
433 3077 560 3152 illusio
581 3077 673 3152 est.“
697 3077 836 3152 Postea
855 3077 999 3153 demum
1011 3077 1243 3153 uouiuerunt

143 3201 278 3298 longeui
303 3225 416 3300 super
443 3208 600 3296 terram,
631 3201 806 3299 quoniam
834 3203 1144 3298 malagnauerant
1169 3200 1242 3276 Re-

144 3348 214 3420 pem
240 3328 436 3422 Joannen3
461 3335 587 3402 tamen
615 3329 793 3427 scriptum
822 3335 907 3404 est:
932 3327 1149 3424 „Honorate
1167 3325 1240 3403 Re·

144 3474 234 3548 gem,
262 3461 301 3529 et
327 3459 446 3529 estote
465 3455 622 3552 subjecti
650 3454 842 3552 princibus
861 3461 898 3529 et
915 3453 1121 3552 prelatis“;
1141 3453 1244 3527 Petri

145 3581 302 3658 secundo.

430 3849 760 3952 (curruuuuu
788 3847 951 3951 auru).

238 4086 402 4164 Interam
421 4093 576 4162 venerat
594 4087 743 4181 legatus
762 4109 785 4159 a
804 4085 830 4162 J
832 4107 952 4160 caune
971 4084 1075 4181 Rege
1094 4083 1243 4163 adOas-

150 4215 347 4309 souienses3
376 4221 414 4288 et
442 4213 488 4288 ad
508 4213 695 4288 ciuitatem
726 4236 799 4288 non
828 4212 1006 4288 miserunt
1033 4211 1149 4304 intro,
1178 4213 1243 4289 sed

152 4341 299 4434 proferat
317 4340 531 4438 questiones
550 4362 650 4434 suas,
670 4338 797 4436 quode
809 4337 955 4414 domino
971 4359 1037 4412 suo
1056 4345 1243 4436 resumpto

151 4465 256 4542 animo
274 4489 343 4544 suo
362 4465 466 4541 vexit
484 4487 575 4562 erga
593 4488 673 4542 nos.
704 4466 754 4540 Et
781 4465 837 4540 sic
855 4465 1035 4540 miserunt
1060 4459 1087 4540 J
1088 4486 1243 4540 oannem

152 4585 333 4691 Sayttlich.
362 4593 413 4667 Et
431 4591 501 4666 hec
518 4591 614 4666 dixit
633 4619 641 4664 :
666 4589 772 4688 „Rex
791 4589 978 4683 loannes,
1008 4595 1183 4686 tanquam
1202 4589 1243 4664 u-

153 4713 239 4795 deles
263 4743 351 4797 suos
370 4727 406 4794 et
423 4719 642 4795 thesaurum
670 4739 777 4795 suum
805 4715 890 4792 date
909 4723 1015 4792 extra
1042 4715 1240 4810 ciuitatem,
