3260 5226
1135 469 1213 553 333

108 669 166 744 luit
188 670 337 768 quidum
365 671 477 748 bonis
506 695 551 747 ac
579 673 726 748 deuotis
755 673 947 771 personis,
977 673 1076 771 quod
1102 674 1215 748 stella

108 796 350 874 descendisset
369 798 419 874 ad
438 799 560 874 locum
579 799 645 876 ubi
664 806 817 876 mortem
837 821 973 898 passus
991 798 1148 892 inisset,
1179 807 1217 873 et

106 931 178 1019 post
195 946 338 1000 moram
356 925 713 1003 ascendissetualde
732 927 874 1024 fulgen.
891 929 995 1003 claro
1014 925 1063 1001 ad
1081 926 1213 1020 celum,

107 1049 199 1146 quasi
218 1049 313 1130 hora
331 1073 430 1127 nona
448 1051 543 1128 deria
561 1059 680 1130 sexta.
700 1051 826 1152 Aliqui
846 1053 1080 1144 deridebant,
1100 1052 1215 1150 aliqui

106 1183 211 1252 treme
239 1177 441 1256 audiebant
469 1179 514 1256 de
541 1179 639 1275 illis,
670 1179 730 1276 qui
758 1179 936 1255 videbant
963 1181 1076 1254 talem
1104 1175 1214 1254 mira-

106 1305 229 1380 culum:

202 1433 252 1507 Et
270 1440 383 1532 eaput
401 1430 503 1530 ejus,
525 1433 622 1530 quod
641 1433 910 1532 amputauisset
928 1434 1105 1510 Vrbunus
1125 1432 1213 1506 Bat-

104 1558 221 1654 lyam,
242 1565 279 1634 et
298 1558 469 1657 deposuit
487 1567 575 1634 ante
593 1561 880 1656 gubernatorem
900 1581 1015 1658 super
1033 1581 1213 1634 mensam.

106 1681 148 1757 Et
164 1683 325 1762 Joannis
345 1685 475 1785 Dccy,
497 1687 596 1782 quod
614 1687 791 1783 vidisset,
811 1687 894 1761 ait:
919 1685 1029 1782 „Non
1047 1685 1214 1761 dicebam

104 1810 174 1905 tibi,
186 1811 286 1908 quod
302 1821 457 1891 martem
467 1795 629 1912 pacieris'
638 1820 791 1912 propter
800 1813 966 1909 linguam
975 1821 1078 1888 tuem
1097 1810 1215 1911 pessi-

104 1959 193 2012 nam
202 1940 374 2037 amplius.
384 1938 1121 2039 Colloquiamaladeprauantbcmines.“
1137 1936 1170 1990 ¹⁰
1182 1934 1210 2036 il

107 2061 149 2136 Et
167 2063 196 2140 J
196 2086 340 2140 oannes
360 2064 648 2164 Docylinguam
667 2088 773 2141 suam
791 2065 965 2142 excidere
983 2067 1125 2142 deceret
1138 2067 1217 2162 jam

104 2188 306 2288 decapite,
336 2199 374 2266 et
391 2214 542 2291 semper
569 2215 694 2268 coram
723 2193 806 2290 ipso
826 2193 864 2267 in
884 2215 958 2268 vna
978 2192 1085 2288 virga
1104 2212 1217 2289 supra

104 2337 240 2412 spensa
268 2325 363 2394 erat.
387 2319 446 2394 Et
463 2319 510 2394 ad
538 2341 621 2394 eam
650 2341 733 2394 cum
760 2320 956 2396 uenisset:
981 2315 1038 2416 „0
1056 2325 1097 2392 tu
1118 2319 1217 2392 mala

104 2440 242 2536 lingua,
263 2463 335 2540 quo
356 2451 472 2518 metu
491 2443 718 2538 denigratum,
738 2444 805 2520 sed
822 2444 896 2520 iam
916 2452 1069 2520 actenus
1087 2451 1219 2542 parcat

103 2565 164 2641 tibi
183 2565 324 2644 Deus.“
990 2591 993 2600 ·

401 2854 733 2958 (cnnrnunun
762 2857 922 2961 nour.)

206 3070 281 3148 Hic
300 3095 382 3148 cum
401 3073 550 3151 audien.
571 3082 725 3150 mortem
753 3073 1089 3166 Transilwanien.‚
1120 3071 1218 3170 quod

104 3201 181 3276 dira
209 3207 327 3276 rnorte
355 3199 498 3276 feceret
526 3223 610 3276 eum
638 3202 859 3276 interemere
887 3201 1057 3278 dominns
1083 3201 1217 3297 guber·

103 3335 229 3420 ustor,
250 3333 289 3400 et
307 3327 543 3404 consiliarius
571 3331 653 3426 ejus
680 3327 850 3404 Jnannes
868 3327 997 3427 Dccy,
1025 3327 1123 3424 quod
1141 3349 1218 3402 mc·

104 3455 266 3530 nuuisset
284 3451 471 3530 dominum
488 3456 775 3550 gubernatorem
795 3461 925 3530 contra
942 3477 1044 3549 eum;
1063 3449 1219 3528 cthtt-

104 3580 195 3658 hard
214 3579 346 3668 miles,
368 3578 467 3676 qnod
485 3579 671 3675 audisset,
692 3579 819 3656 statim
837 3587 923 3678 post
943 3602 1094 3656 uxorem
1113 3599 1218 3656 suam

104 3705 304 3785 destinauit
323 3705 370 3780 ad
389 3704 623 3800 Hungariam
651 3705 701 3780 ad
718 3705 846 3801 Zegb‚
867 3713 905 3780 et
923 3705 1010 3781 inde
1024 3705 1117 3802 jusit
1134 3728 1218 3803 por·

102 3847 180 3912 tare
199 3835 249 3910 ad
267 3831 429 3910 Zulnols.
449 3833 499 3908 Et
516 3833 600 3931 ipse
617 3841 750 3934 pastea
768 3833 855 3909 ilico
874 3833 1036 3908 cucurrit
1049 3833 1098 3908 ad
1107 3855 1220 3908 vnum

104 3964 313 4064 vaynodam
332 3963 480 4038 nomine
501 3961 668 4062 Maylat,
689 3968 726 4036 et
745 3962 780 4036 ei
799 3961 911 4037 valde
938 3961 1219 4060 deprecabatur,

105 4093 192 4189 quia
218 4089 316 4166 idem
346 4088 463 4164 eciam
492 4087 602 4164 valde
629 4096 710 4164 erat
729 4089 909 4184 eloquens
926 4111 1028 4164 more
1045 4087 1220 4164 msticsle

104 4219 169 4294 sni.
189 4217 240 4292 Et
259 4215 351 4292 dixit
369 4215 516 4314 Maylat
536 4241 544 4288 :
569 4213 695 4312 „Quid
711 4211 945 4290 laciamnsi“
968 4212 1033 4288 Ait
1051 4213 1222 4288 dominns
1279 4206 1283 4214 ’

105 4341 294 4422 Gntthard
314 4369 323 4416 z
348 4339 531 4439 „Mortem
558 4364 626 4440 pro
650 4347 789 4435 morte,
809 4347 847 4414 ct
864 4361 1099 4436 nequaquam
1118 4338 1221 4416 abire

108 4471 270 4547 valeat.“
303 4468 353 4543 Et
379 4467 506 4544 statim
544 4467 625 4544 sine
653 4490 756 4544 more
782 4467 1029 4564 sanguineam
1056 4464 1222 4562 gladium

105 4595 280 4699 supuda
308 4593 622 4672 Transilwanien.
662 4595 825 4672 circuere
863 4595 1031 4692 precepit
1057 4593 1221 4672 Vulekis

105 4733 218 4821 gente
237 4747 281 4797 ac
300 4717 440 4814 Siculis
457 4732 589 4817 gente,
616 4747 661 4798 ac
679 4723 745 4798 toti
763 4720 1091 4797 Transillwanien.
1118 4721 1217 4797 nobi·
