3238 5228
1120 502 1196 580 281

110 708 279 802 Strigonie
299 705 519 782 concederet
536 705 611 798 eis,
638 705 703 780 sed
722 707 957 798 obseruaret,
979 729 1051 778 non
1072 704 1127 778 cis
1146 703 1200 777 la·

109 843 207 928 neret,
227 833 293 910 sed
311 834 478 909 obstaret
496 838 671 928 quantum
689 838 824 932 potest.
846 831 896 906 Et
912 832 1018 909 breui
1036 837 1201 928 tempore

109 969 193 1034 tuam
210 959 440 1058 prouinciam
465 965 661 1058 protegere
690 959 901 1036 debemus.“
933 957 982 1033 Et
1008 979 1201 1056 precurso-

109 1111 173 1161 rem
191 1085 328 1162 dimisit
356 1107 447 1182 erga
474 1108 578 1180 eum,
608 1091 645 1160 et
671 1086 883 1183 precursori
901 1085 1069 1184 precepit
1087 1091 1128 1158 vt
1146 1085 1200 1158 in-

110 1213 300 1309 uestigaret
336 1211 388 1288 ibi
427 1218 464 1285 et
490 1213 667 1287 lustraret
704 1217 887 1287 castorem
924 1210 1200 1302 Alemanorum,

111 1345 275 1440 quiesset
294 1344 429 1420 ibidem
449 1366 530 1418 cum
560 1341 761 1419 Germanis
780 1349 817 1418 et
835 1343 1027 1440 Hungaris
1046 1343 1202 1442 optima-

111 1479 166 1544 tes.
201 1471 318 1547 Venit
343 1492 432 1565 ergo
459 1491 655 1567 precursor
682 1491 790 1544 mane
817 1468 979 1545 diluculo
1008 1469 1056 1544 ad
1082 1469 1203 1544 arohi-

111 1597 306 1696 apiscopnm
327 1595 516 1692 Strigonie
534 1602 572 1670 et
590 1595 722 1670 allauit
740 1595 787 1670 ad
806 1619 937 1671 manus
956 1617 1045 1672 suas
1065 1595 1202 1694 episto·

113 1721 170 1797 las.
189 1723 236 1798 Et
255 1725 396 1799 Paulus
415 1722 531 1799 archi.
551 1730 627 1797 tam
646 1724 872 1800 relacionem
899 1724 990 1799 fecit
1015 1721 1110 1820 Regi
1137 1723 1202 1799 Jo-

112 1849 187 1924 anni
223 1851 350 1928 dicens
386 1851 443 1928 sic
471 1879 479 1924 :
512 1851 638 1948 „Ergo
665 1875 739 1927 non
767 1875 848 1928 sum
881 1851 975 1929 satis
1004 1854 1205 1929 obseruare

112 2000 219 2052 arcem
239 1977 426 2072 Strigonie
456 1983 586 2053 contra
614 2001 699 2070 eos,
728 1979 817 2076 quia
844 2003 913 2055 nos
941 2002 1067 2056 sumus
1086 1981 1124 2055 in
1143 1980 1205 2053 via

113 2125 234 2180 eorum.
255 2102 424 2178 Secundo
453 2103 540 2200 quia
565 2125 636 2198 ego
655 2125 796 2201 pauper
815 2105 926 2179 valde
946 2127 1027 2181 sum
1046 2129 1120 2180 non
1140 2100 1205 2179 ha-

112 2231 170 2303 beo
195 2227 407 2326 pecunias.“
449 2225 638 2324 Imprimis
681 2227 834 2303 dederat
871 2229 1009 2305 latroni
1045 2228 1205 2305 sedecim

114 2355 202 2429 milia
220 2353 374 2430 markas
393 2359 431 2427 et
449 2352 576 2428 eodem
595 2359 761 2451 tempore
789 2353 993 2430 tradiderat
1010 2355 1065 2431 eis
1084 2379 1206 2431 arcem

117 2478 410 2576 Strigcniensem.
441 2476 491 2553 Et
508 2501 653 2555 rursum
679 2502 876 2577 precursor
904 2481 952 2556 ad
980 2481 1143 2576 Budam,
1173 2489 1209 2555 ct

114 2605 158 2678 sic
183 2605 310 2681 eadem
338 2604 443 2681 modo
471 2605 614 2680 retullit
639 2603 736 2700 Regi
762 2625 958 2702 precursor
984 2607 1207 2683 relacionem

119 2731 213 2808 Pauli
232 2731 397 2830 episcopi
417 2729 697 2828 Strigoniensis,
717 2738 758 2805 vt
776 2733 953 2830 scriptum
972 2741 1039 2810 θεῖ.
1057 2733 1109 2808 Εῖ
1126 2757 1209 2832 pre-

116 2880 228 2933 cursor
246 2858 520 2955 explorauisset
532 2859 610 2954 Jam
629 2857 782 2952 ibidem,
804 2861 866 2956 qui
886 2867 992 2934 erant
1010 2882 1091 2934 cnm
1111 2857 1208 2937 Ger-

117 2987 232 3064 manis.
253 2985 532 3084 Incepitcoram
551 2987 709 3061 recitare
728 2987 844 3084 ipsos,
865 2988 990 3063 aiebat
1008 2988 1063 3063 sic
1083 3015 1091 3061 :
1116 2987 1210 3085 ,Est

121 3111 271 3189 indreas
291 3115 418 3208 Bator,
439 3121 496 3188 θεῖ
515 3135 596 3186 cum
616 3113 806 3190 Vilhelmo
834 3113 984 3190 ductore
1002 3115 1093 3190 belli
1113 3112 1208 3190 Ger-

117 3239 244 3314 manico
263 3237 297 3339 *)
326 3239 446 3338 Priny
464 3239 619 3335 Petrus,
640 3247 697 3315 est
723 3263 805 3314 cum
825 3263 869 3316 eo
888 3241 1114 3317 Valentinus
1134 3241 1208 3315 Te-

118 3363 195 3459 relx3
222 3375 277 3444 θεῖ
306 3389 387 3442 cum
407 3367 464 3442 eis
482 3367 623 3442 Paulus
642 3365 786 3466 Bakytt
804 3367 1034 3460 Tracianus3
1055 3373 1112 3442 est
1130 3389 1210 3441 cnm

120 3487 239 3594 Banffy
258 3493 432 3569 Boldisar
450 3515 532 3567 oum
551 3493 666 3568 fratre
685 3515 753 3568 suo
778 3491 988 3589 Anthonio;
1017 3500 1074 3570 cst
1092 3493 1211 3568 Fran·

119 3615 224 3695 riscus
242 3617 449 3720 Narhydy,
470 3627 507 3694 et
526 3617 713 3695 'l'urzonis
731 3641 825 3714 gens
844 3641 926 3694 cum
945 3618 1035 3695 eis.“

209 3741 288 3820 Rex
307 3745 334 3822 J
336 3768 487 3840 oannes,
509 3744 604 3842 quod
622 3743 768 3820 audien.
780 3745 834 3821 nil
843 3743 1108 3844 premeditatus
1119 3749 1210 3818 erat.

122 3863 190 3962 Ego
208 3871 351 3968 quidem
370 3872 480 3946 valde
507 3871 702 3948 tristiciam
730 3871 933 3966 habebam,
963 3878 1001 3945 ct
1028 3893 1098 3966 ego
1116 3867 1211 3964 Regi

121 3989 201 4068 dixi:
217 3994 346 4092 ,Quod
365 4021 434 4094 ego
454 3999 540 4073 volo
560 4005 668 4074 extra
686 3997 740 4071 ire
759 3997 804 4073 de
824 3997 940 4094 Buda,
961 3997 1049 4095 quia
1067 3995 1213 4071 animus

121 4141 209 4196 meus
234 4123 345 4199 valde
372 4125 664 4218 lamentabatur,
694 4125 802 4221 quasi
822 4131 921 4201 θεεθῖ
940 4124 1030 4200 mihi
1049 4123 1098 4197 ad
1116 4123 1212 4196 futu·
1296 4155 1298 4160 ·

122 4265 187 4320 mm
205 4251 337 4325 mala.“
370 4250 478 4325 Dixit
495 4250 578 4327 Rex
599 4279 607 4324 ε
632 4249 741 4347 „dum
760 4259 801 4328 tu
818 4249 959 4328 times?
979 4249 1210 4344 Quicumque

122 4391 224 4448 meum
251 4379 550 4474 perseuerauerit
577 4401 694 4474 usque
722 4376 926 4472 adfinem,
956 4375 1017 4450 bic
1045 4373 1214 4449 dominus

123 4497 181 4571 erit
196 4501 231 4574 in
263 4501 478 4597 Hongaria.
510 4511 546 4578 et
564 4529 610 4579 ne
628 4505 800 4578 timeatis.
833 4505 915 4598 Ego
935 4502 1084 4600 precepi
1104 4499 1213 4574 Eme·

148 4713 167 4718 -·
190 4716 410 4726 --ι--ο--ο

152 4785 171 4850 'J
189 4767 295 4844 lirtetilr
315 4789 500 4860 Roggendort'
518 4789 634 4846 Vllmos.
