3238 5228
98 748 207 806 eorum
225 727 411 824 aooepturi
439 731 564 820 eraut,
584 733 625 802 vt
642 724 824 823 quomodo
850 731 1021 822 poterent
1037 723 1187 800 evitare

96 861 228 948 pentem
254 875 361 930 suam
388 851 548 930 Joannis
573 851 691 949 Regis
715 853 942 950 apreoiotam
964 853 1063 949 jnm,
1085 857 1126 924 vt
1143 871 1188 924 ne

96 980 249 1056 venirent
275 979 324 1054 ad
350 979 528 1056 auxilium
554 977 715 1056 Joaunis
742 976 871 1074 Regis.
900 977 1043 1068 Eadem
1070 977 1190 1056 forma

96 1113 166 1184 erat
187 1106 389 1184 mirabiles.
410 1103 523 1200 Quia,
552 1106 689 1182 iratum
716 1104 913 1200 carissimi,
941 1111 1023 1182 erat
1049 1103 1187 1180 aneilla

99 1229 310 1310 Germanica
346 1255 451 1309 soror
487 1230 714 1309 Fordinaudi
752 1229 881 1328 Regia.
920 1229 969 1306 ut
1004 1235 1091 1329 post
1127 1229 1189 1306 de·

96 1379 224 1436 cessum
250 1358 360 1434 Anne
396 1357 540 1455 Regino
567 1358 647 1434 filia
674 1356 899 1455 Hedwigam
926 1357 1124 1457 optimam3
1153 1365 1190 1434 et

96 1483 188 1562 istam
212 1484 385 1562 ancillam
413 1484 523 1562 valde
548 1485 589 1560 in
612 1484 699 1562 odio
727 1484 891 1562 habebat
918 1481 1065 1580 Regina
1092 1481 1187 1562 Ger·

98 1612 245 1706 usuiea3
265 1612 305 1688 in
323 1619 386 1688 tm.
405 1611 509 1708 adeo,
529 1611 627 1708 quod
653 1612 795 1690 Joanui
823 1611 923 1709 Regi
952 1617 1033 1689 erat
1060 1611 1105 1688 de
1132 1635 1191 1688 so·

99 1759 169 1814 rore
194 1761 262 1816 sua
289 1737 398 1815 Anne
422 1745 521 1814 nata.
561 1737 611 1814 Et
646 1739 721 1816 ista
747 1738 857 1816 vaide
885 1739 1037 1837 optabat
1065 1737 1190 1816 videre

97 1865 287 1942 arnoulum
316 1886 422 1940 suum
450 1863 636 1942 Joannem
664 1865 828 1962 Regem,
853 1873 891 1942 et
908 1872 1031 1944 eoatte
1049 1865 1109 1942 (tie
1128 1887 1192 1940 no·

98 1996 214 2087 rtuque
231 2013 296 2068 ore
315 2011 386 2068 sua
403 1989 672 2091 deprecabatur
699 1991 821 2069 Deum
840 1999 878 2066 et
895 1989 1061 2090 ejusdem
1088 1992 1192 2088 geni·

99 2115 213 2194 trioem
230 2142 300 2218 pro
324 2121 493 2196 awnoulo
522 2143 589 2196 suo
617 2119 723 2216 Rege
750 2119 910 2198 Joanue.
940 2119 992 2194 Et
1017 2119 1092 2196 ista
1119 2118 1192 2196 Re·

99 2241 172 2334 gina
190 2241 226 2346 ⁴)
254 2242 483 2322 Germanica
509 2254 592 2324 erat
614 2249 693 2343 jam
721 2267 883 2322 nouerea
902 2252 1019 2320 mater
1037 2268 1107 2343 pro
1126 2269 1191 2320 an·

101 2368 172 2446 cille
190 2371 296 2448 Anne
316 2371 462 2470 Regino
489 2381 575 2472 post
602 2375 795 2452 decessum
823 2397 924 2470 eam3
953 2371 1103 2469 Regina
1120 2395 1193 2450 uon

102 2493 265 2594 triigebat
281 2523 446 2578 sororem
456 2499 482 2578 J
485 2501 617 2576 oauuis
626 2499 754 2597 Regis,
772 2505 1195 2596 attamengeneraoerat

102 2618 167 2698 Rex
191 2623 462 2724 Sigismundus.
491 2625 613 2720 Quum
641 2627 711 2704 hee
738 2627 885 2704 audien.
914 2625 996 2702 Rex
1023 2625 1193 2704 Joannes

101 2769 172 2826 nox
187 2761 408 2852 preceperat
434 2755 555 2832 sorori
575 2753 739 2850 Hedvigi
757 2776 845 2850 sue,
875 2762 915 2830 vt
941 2754 1014 2830 iret
1041 2751 1089 2828 ad
1107 2775 1191 2850 pos·

101 2876 286 2954 ermonem
314 2901 440 2974 suam,
461 2887 502 2956 vt
519 2903 754 2978 nequaquam
782 2903 864 2956 eum
882 2903 928 2956 ea
945 2887 1192 2978 permaneret.

101 2998 228 3080 Etcum
246 3029 353 3084 soror
370 3005 531 3084 ioannis
549 3008 668 3105 Regis
686 3017 724 3086 et
741 3006 1058 3104 fiiiaSigismundi
1077 3003 1194 3101 Regis

103 3137 238 3208 venerat
265 3131 311 3206 de
341 3131 534 3210 Crakouia
561 3157 689 3212 sorore
720 3157 789 3212 sua
808 3134 856 3210 ad
873 3155 986 3210 vnum
1004 3132 1194 3232 opidulum

102 3275 189 3332 suam
208 3257 253 3334 ue
273 3282 374 3354 aree,
394 3268 431 3335 et
448 3261 637 3340 residebat
655 3263 694 3338 in
713 3261 951 3362 possessione
970 3283 1060 3356 soa,
1089 3267 1127 3336 et
1148 3261 1193 3336 li-

102 3378 212 3458 benter
240 3385 407 3461 vellebat
432 3387 562 3464 venire
580 3389 628 3462 ad
646 3385 901 3490 (n)uunouium
925 3409 1032 3464 sunm
1051 3385 1193 3482 Regem
1253 3461 1261 3474 ,

102 3504 278 3586 ioannem.
326 3511 402 3588 Sed
437 3513 520 3588 Rex
558 3515 726 3592 Joannes
772 3533 1004 3612 nequaquam
1041 3513 1191 3589 volebat

100 3641 236 3732 propter
263 3640 565 3716 erubesoeneiam
583 3641 777 3718 dedecoris
804 3664 891 3736 sue,
919 3639 1018 3738 quod
1035 3639 1191 3736 ignomi-

100 3759 180 3835 niam
197 3765 393 3842 sumsisset
411 3769 458 3844 ab
478 3768 677 3866 optimates
705 3767 986 3865 Hungarorum,
1006 3774 1045 3842 et
1060 3766 1193 3844 fuisset

101 3883 441 3970 indistoliuaeione.
479 3893 531 3968 ut
557 3893 631 3970 ista
664 3916 770 3972 soror
798 3896 881 3992 ejus
909 3891 1050 3970 aneilla
1074 3890 1191 3988 Sigis-

102 4017 205 4094 uaudi
223 4017 345 4115 Regis
363 4017 568 4098 donauerat
585 4021 620 4098 ei
638 4027 788 4117 gentem
806 4025 985 4098 sexoenta
1002 4018 1146 4120 pedites
1156 4025 1192 4094 et

101 4151 236 4234 emtuor
259 4151 369 4222 eenta
396 4147 541 4244 equites
558 4147 607 4224 ad
634 4147 884 4246 adjurantium
912 4143 1104 4248 (s)vneulo
1123 4167 1190 4222 suo

101 4287 136 4341 ao
149 4269 191 4346 ai
207 4271 481 4371 proteooionem
504 4274 619 4374 eapiti
641 4275 720 4368 sui,
749 4273 848 4372 quod
865 4273 1042 4374 deeeptus
1060 4273 1190 4350 munst

102 4391 197 4474 ieter
214 4419 306 4476 suus
323 4397 492 4478 Joaunes
510 4399 592 4478 Rex
612 4423 680 4499 per
699 4401 842 4476 Dnoem
863 4399 1119 4478 Saroniorum.

129 4645 150 4710 't
165 4648 222 4707 ut.
240 4649 295 4708 ker
314 4650 386 4708 tltal
404 4670 421 4706 a
440 4649 571 4724 sssuyne
590 4667 663 4708 nass
692 4652 763 4708 itta
779 4649 865 4709 soret
893 4649 961 4706 aoso
988 4650 1104 4718 iratott,
1126 4657 1146 4705 t.
1168 4652 1187 4704 i.

106 4731 219 4803 ow
238 4741 268 4796 ki
288 4739 459 4815 egysbirtnt
477 4759 540 4798 uem
568 4739 680 4807 uomet,
711 4741 811 4798 hanam
830 4741 911 4798 elasa
930 4739 1046 4796 milanoi
1065 4737 1189 4830 astrata·

106 4835 159 4882 mu
174 4829 238 4898 voit,
260 4849 277 4887 a
296 4829 408 4889 Sterni
423 4830 538 4888 htzbol.
771 4849 777 4860 ·
