3260 5226
270 1683 362 1772 ΒΕ
384 1679 620 1770 MORTE
640 1678 953 1784 bonomo!
976 1679 1191 1770 REGIS.

336 2003 410 2087 Est
453 2003 628 2110 epistola
669 1999 826 2088 flebilis
851 2067 1040 2088 .........
1064 2017 1106 2087 et

400 2217 454 2300 ad
475 2215 897 2343 Reuerendissimum
918 2281 973 2299 ...
997 2216 1037 2326 ⁴¹)

268 2661 367 2738 Dum
385 2661 598 2739 scribebant
615 2683 714 2736 anno
736 2655 849 2757 1526,
870 2659 1061 2737 aoeodem
1080 2685 1177 2740 anno
1197 2672 1279 2741 erat

160 2787 290 2865 littera
323 2787 558 2864 dominicalis
585 2785 634 2864 G.
671 2787 724 2861 Et
758 2786 887 2861 eodem
915 2810 1014 2864 anno
1042 2798 1211 2867 mouerat
1236 2815 1277 2868 se

162 2911 283 2991 Cesar
301 2913 510 2991 'furcarum
529 2915 678 2990 nomine
695 2911 1012 2990 ZoltanZeliman
1030 2913 1276 2992 versusHun·

161 3041 307 3140 gatiam
335 3041 374 3116 in
402 3047 536 3117 octaua
571 3040 733 3120 Joannis
762 3039 931 3140 Baptiste
972 3050 1103 3120 contra
1134 3041 1276 3140 Regem

161 3164 392 3244 Ludovioum
415 3169 495 3266 J‘am
521 3175 608 3266 post
635 3173 827 3265 acceptam
855 3167 1125 3245 nobilissimam
1153 3192 1276 3245 arcem

161 3293 494 3389 Necnon-Albam,
514 3317 559 3370 ao
578 3318 626 3370 ex
645 3293 905 3369 commissione
930 3317 998 3370 sua
1016 3295 1191 3394 potencia
1209 3318 1277 3396 per

162 3417 289 3497 fluium
308 3421 423 3497 Zawa
443 3427 480 3496 et
498 3443 566 3518 per
590 3419 717 3495 finium
746 3417 887 3496 Drawa
915 3427 1046 3518 pontes
1072 3443 1277 3522 preparare

160 3547 313 3624 iecerat.
334 3547 489 3623 Etvidit
505 3543 624 3622 Cesar
641 3545 844 3646 predictus,
865 3546 963 3644 quod
980 3547 1107 3625 nullus
1125 3549 1276 3625 obstan·

162 3677 236 3749 tem
255 3673 347 3770 sibi,
368 3679 405 3747 et
423 3674 527 3748 venit
546 3671 722 3748 adaucter
740 3694 809 3772 per
825 3678 958 3769 pontes
976 3671 1184 3770 fluioorum,
1205 3695 1276 3773 que

161 3795 305 3874 findunt
332 3799 478 3875 insulas
504 3799 700 3894 regiones,
720 3804 758 3872 et
776 3804 901 3874 castra
929 3805 1089 3874 metatus
1107 3808 1189 3875 erat
1206 3803 1275 3878 sub

159 3947 247 4000 arce
266 3923 418 4001 Soklos.
449 3921 541 3999 Inde
561 3923 709 4022 quidem
729 3921 949 4000 adolescens
968 3923 1072 4020 Rex,
1102 3925 1166 4022 qui
1194 3935 1277 4003 erat

159 4049 378 4150 inexpertos
396 4051 435 4125 in
452 4051 564 4127 rebus
582 4049 749 4145 bellicis,
770 4050 879 4145 quasi
900 4073 1027 4126 amens
1044 4053 1215 4148 tacebat3
1234 4058 1275 4128 et

161 4175 336 4274 Hungari
355 4177 551 4276 optimates
570 4199 616 4252 ac
632 4178 812 4255 barrones
829 4179 1096 4275 exspectabant
1114 4177 1159 4252 de
1178 4179 1261 4276 ipso

162 4309 203 4380 vt
220 4303 309 4404 quid
327 4303 481 4380 deberet
490 4305 546 4380 eis
554 4303 691 4379 lacere.
711 4301 738 4382 J
739 4303 835 4380 ussit
852 4302 1077 4380 cancellario
1096 4305 1273 4404 episcopo

162 4425 309 4506 'I'home
342 4427 534 4507 Jauriensi
573 4429 720 4506 litteras
747 4431 936 4528 scribere,
973 4437 1011 4507 et
1043 4453 1129 4506 mox
1157 4431 1273 4508 allate

196 4735 225 4796 *t
244 4733 272 4790 Δ
290 4731 382 4792 nevel
401 4739 504 4808 mus
531 4731 767 4792 tollvontsokksl
794 4733 941 4792 itliusvtk
958 4731 990 4790 es
1008 4751 1072 4791 nem
1090 4731 1269 4794 elmlaeh.

1031 4825 1109 4908 26*
