3248 5210
1160 480 1234 556 133

232 677 315 756 Jam
336 677 414 773 hic,
435 674 629 754 karissimi
648 673 785 752 domini
803 675 981 770 lectores,
1001 676 1098 752 bene
1116 683 1236 754 atten-

138 804 206 882 dite
222 806 258 881 in
275 805 471 905 seripturis
498 803 794 880 declaraoionem
821 825 941 880 meam
960 801 1006 878 de
1024 809 1142 879 morte
1160 803 1236 882 Lu-

139 932 250 1008 donici
268 931 399 1028 Regis.
420 929 587 1038 Cumque
606 952 743 1028 corpus
759 931 842 1006 eius
859 928 1161 1028 inspiciebamus,
1189 953 1236 1006 ex

139 1069 216 1136 tnnc
231 1065 307 1136 tres
324 1057 507 1135 foramina
534 1057 677 1134 fixuras
695 1057 918 1155 reperimus,
938 1055 1036 1153 quod
1054 1076 1137 1132 cum
1154 1056 1236 1152 gla-

138 1186 193 1262 dio
216 1185 406 1262 bohemico
434 1184 615 1261 mandros
643 1191 735 1264 erat.
765 1184 817 1258 Rt
846 1206 916 1260 nos
933 1189 1075 1258 tantum
1094 1189 1238 1260 semoto

138 1311 339 1390 sacerdotes
374 1310 715 1410 perserutauimus,
754 1317 792 1386 et
828 1332 902 1387 non
928 1309 1119 1385 debuimus
1153 1310 1238 1408 alys

139 1461 300 1516 enarrare
324 1447 477 1538 propter
504 1438 690 1516 Joannem
718 1437 928 1514 vaiuodam.
958 1433 1022 1512 Sic
1040 1442 1120 1511 erat
1138 1458 1238 1512 mors

139 1564 307 1641 Lndonici
326 1565 464 1661 Regis,
493 1571 594 1640 certe
613 1564 776 1652 sciamus
795 1585 924 1640 verum
944 1585 1048 1657 esse;
1072 1563 1134 1660 qui
1152 1569 1239 1660 post

140 1697 280 1766 mortem
307 1689 468 1766 ,loannis
497 1689 615 1786 Regis
643 1713 738 1766 vnns
766 1691 874 1768 miles
894 1687 1118 1786 Hungarns,
1140 1688 1238 1786 quod

141 1816 296 1892 audierat
323 1817 397 1892 iam
432 1817 647 1900 moriturum
684 1815 871 1894 Joanuem
907 1815 1070 1912 Regem,
1100 1823 1138 1890 et
1164 1815 1236 1892 ait:

146 1940 235 2036 ,Iam
253 1943 371 2019 debeo
389 1943 576 2018 reuellere
603 1951 757 2024 mortem
785 1942 967 2020 Ludonici
986 1941 1140 2039 Regis.“
1162 1941 1238 2019 'l'a-

141 2067 263 2144 limodo
291 2070 486 2168 inceperat
512 2069 664 2147 dicere:
689 2069 866 2166 „Fratres
889 2070 962 2144 mei
981 2069 1239 2165 amantissimi,

143 2197 305 2272 adendite
325 2203 481 2274 mortam¹
500 2221 523 2272 a
541 2220 599 2274 me
619 2197 800 2295 quomodo
821 2203 1031 2278 accesserat
1048 2192 1135 2275 sibi.
1163 2196 1239 2274 Ln-

142 2321 298 2400 douicum
318 2323 463 2420 Regem
476 2325 577 2401 ultra
591 2325 780 2424 palludem
800 2331 1131 2423 exportaneramus
1149 2348 1241 2402 sane

140 2449 316 2547 etintegre
326 2449 515 2548 Georgius
526 2451 778 2551 Zepusiensis,
790 2459 827 2526 et
837 2447 1239 2553 Paulusiil'l'homori,

143 2577 196 2672 qui
212 2576 451 2655 Gheribassa.
471 2579 523 2654 Et
542 2587 623 2656 erat
642 2579 755 2658 simul
773 2601 855 2654 cum
875 2579 930 2656 eis
950 2577 1118 2678 Gytrich,
1138 2579 1241 2655 etad

144 2725 241 2780 snam
268 2704 399 2780 villam
426 2704 530 2780 iuxta
558 2705 707 2804 opidum
737 2704 861 2782 Batha
889 2726 1045 2802 cumque
1069 2703 1240 2781 advenis·

142 2839 228 2928 sent,
248 2831 343 2906 dixit
361 2829 551 2929 Georgius
581 2831 849 2932 Seposiensis:
873 2809 1056 2930 „Domine
1074 2831 1178 2925 Rex,
1208 2829 1242 2906 si

141 2957 190 3034 vis
206 2958 268 3036 hic
285 2959 428 3056 aliquid
446 2981 602 3058 pausam
620 2960 760 3036 habere
775 2968 813 3036 et
828 2961 874 3036 de
892 2981 986 3057 equo
1005 2956 1240 3050 descendere,

141 3085 230 3161 etde
249 3086 402 3162 metallo
422 3109 571 3182 exuere,
593 3095 630 3162 et
648 3087 792 3184 aliquid
810 3087 1053 3164 collusionem
1070 3083 1140 3160 tibi
1156 3104 1241 3182 pre·

141 3215 301 3310 parare.“
336 3211 444 3305 Quod
464 3213 619 3292 audiens
637 3235 781 3314 pauper
804 3213 886 3290 Rex
905 3213 1047 3312 placuit
1063 3211 1137 3289 sibi
1156 3232 1241 3286 con·

141 3340 272 3436 silium,
293 3347 332 3416 et
349 3341 523 3417 similiter
550 3338 779 3418 Oheribassa
809 3337 994 3416 commisit
1018 3337 1066 3413 ad
1092 3338 1241 3413 bonum.

142 3463 226 3544 Cum
244 3467 330 3544 Rex
349 3466 527 3542 talimcdo
546 3467 778 3566 perfecisset,
798 3466 894 3544 sicut
902 3465 1073 3543 dixerant
1082 3463 1130 3560 ci,
1144 3463 1242 3540 Pau·

141 3591 192 3668 lus
209 3591 391 3668 Thomori
411 3613 492 3666 oum
511 3591 671 3668 licencia
689 3591 808 3688 Regis
831 3591 953 3668 inerat
970 3591 1019 3667 ad
1036 3590 1242 3690 hospicium

142 3739 260 3815 snum,
289 3716 375 3794 inde
394 3739 555 3816 nemppe
573 3715 764 3815 Georgius
781 3717 988 3818 permansit
1015 3739 1097 3794 eum
1125 3715 1243 3814 Rege.

142 3843 186 3922 Et
217 3845 314 3924 dixit
353 3841 542 3941 Georgius
579 3843 849 3944 Seposicnsis:
881 3845 966 3942 ,Tu
990 3844 1092 3938 Rex,
1121 3847 1244 3941 ocrtye

141 3977 280 4050 luctor
298 3975 406 4067 lirul,
424 3971 622 4070 perdidisti
641 3971 813 4070 Regnum
831 3973 1245 4071 Hungauectnostrun

141 4097 212 4178 iura
229 4123 276 4178 ac
294 4105 434 4176 rectam
462 4099 690 4176 sentenciam
717 4099 763 4176 de
789 4101 1027 4200 possessione
1045 4086 1245 4198 Laurcnoy

143 4225 259 4320 ducis3
280 4245 370 4300 vere
389 4230 475 4300 etto
491 4223 696 4302 morieris.“
720 4224 909 4325 Georgius
927 4226 1154 4323 ewuginauit
1171 4225 1244 4302 Bo·

142 4349 318 4430 hemicum
346 4349 532 4448 gladium,
553 4357 590 4426 et
607 4353 740 4453 punxit
757 4355 857 4430 ultra
874 4353 994 4444 tribus
1011 4353 1167 4430 vicibus.
1194 4349 1246 4428 Et

145 4475 219 4554 Rex
247 4477 349 4554 dedit
376 4497 505 4552 casum
524 4475 572 4552 ad
589 4484 748 4574 terram,
777 4479 970 4558 dumtaxat
996 4479 1169 4580 quoniam
1187 4479 1244 4556 iu·

148 4599 244 4678 dosia
261 4603 346 4680 sola
363 4599 518 4678 sedebat
535 4601 575 4677 in
585 4625 668 4686 ¹vna
686 4605 806 4684 stuba
827 4607 1158 4687 Paulusuhcmori
1175 4604 1248 4683 hoc

150 4731 306 4812 nnciam
324 4729 422 4830 quod
439 4729 699 4828 interfecisset,
719 4736 845 4814 statim
863 4738 1002 4816 invasit
1019 4743 1149 4815 eontra
1167 4733 1245 4815 Ge·
