3238 5228
1153 499 1230 582 801

117 703 395 803 exploraui'sset
412 701 624 780 Tureasin
653 702 865 778 eastoribus
892 701 981 778 suis.
1012 701 1062 777 Et
1089 703 1231 780 nullum

118 829 282 908 turcum
301 829 496 917 intuisset,
516 829 637 906 solum
644 827 753 904 modo
772 833 826 904 lta
845 835 920 904 stat
937 835 1061 906 eantur
1088 829 1231 908 Turen-

118 981 201 1034 rum
220 957 388 1036 Cesaris.
409 959 460 1034 Et
469 955 626 1057 posthae
645 957 783 1034 irruen.
803 956 851 1032 ad
872 978 1029 1032 vaenum
1047 957 1231 1052 tentoriis,

115 1093 158 1159 et
190 1084 486 1183 depredauerant
526 1083 653 1160 omnia
681 1083 801 1159 seiam
830 1083 1004 1179 ingenia,
1042 1105 1136 1181 quas
1163 1085 1232 1160 sub

112 1219 216 1288 terra
233 1212 420 1306 indebant,
439 1232 567 1288 omnes
588 1211 640 1287 de
659 1217 761 1288 terra
780 1211 1024 1288 euelauerant
1041 1218 1080 1287 et
1097 1211 1145 1287 ad
1163 1211 1230 1289 Vi·

116 1362 251 1417 ennam
270 1339 452 1415 deducere
470 1339 649 1415 fecerant.

223 1464 373 1540 Extnne
401 1465 499 1562 qnod
526 1464 720 1541 audissent
748 1463 927 1541 Cesaram
953 1463 1152 1561 fugitiuum
1184 1462 1231 1538 ad

115 1599 244 1688 partes
263 1589 484 1686 Selauonie,
504 1591 608 1668 illieo
627 1598 713 1690 post
731 1591 852 1688 ipsum
871 1591 1120 1688 sequebantur
1144 1613 1229 1668 eum

113 1717 339 1795 Valentinus
384 1717 541 1795 Therek
576 1723 615 1792 et
651 1717 792 1794 Paulus
829 1716 958 1813 Bakit,
1005 1715 1229 1795 Franeisena

114 1843 279 1947 Nyarby
297 1852 335 1920 et
355 1843 523 1921 Koeeian
543 1843 588 1920 de
607 1844 757 1922 Vienna
780 1865 861 1918 enm
889 1851 1035 1922 easture
1064 1851 1231 1921 mouerat

115 1995 158 2047 se
179 1995 260 2048 eum
281 1971 488 2069 armigeris.

224 2095 391 2196 Cumque
405 2101 484 2196 jam
503 2097 743 2174 diuertissent
762 2095 941 2174 aduersus
969 2097 1155 2175 Viennam
1184 2099 1230 2174 tle

116 2226 345 2302 exeeueione
380 2224 554 2320 Cesaris,
584 2233 718 2301 extunc
753 2225 914 2301 kanebie
942 2225 1229 2324 appellabantur

114 2349 213 2428 inter
231 2350 439 2429 Turearum
459 2350 637 2446 cesaris,
668 2359 775 2427 erant
802 2351 936 2448 viginti
965 2351 1069 2428 milia
1096 2351 1134 2426 in
1163 2375 1229 2428 nu-

116 2501 237 2575 mero,
258 2487 296 2555 et
313 2501 424 2576 supra
441 2479 627 2556 Viennam
646 2479 815 2574 fuerant3
834 2479 1015 2576 tringinta
1034 2478 1106 2554 dua
1126 2480 1229 2558 milia

116 2625 235 2703 supra
253 2605 443 2682 ciuitatem
462 2603 584 2681 Lineh
613 2613 650 2682 et
676 2627 792 2704 nsque
822 2605 870 2682 ad
897 2605 1046 2702 Reaen3
1075 2614 1228 2682 cunetas

116 2730 206 2808 illas
224 2730 398 2826 regiones
416 2753 499 2806 eum
518 2732 619 2808 ferro
647 2739 685 2806 et
713 2755 796 2808 eum
827 2730 913 2828 igne
941 2731 1230 2808 deuastauerant

117 2867 153 2933 et
171 2857 343 2957 captiuos
362 2859 500 2934 multos
518 2857 762 2934 deducebant:
793 2855 917 2950 Quum
946 2859 1137 2934 audissent
1162 2879 1229 2958 pa-

114 2985 225 3082 gani,
246 2985 345 3082 qnod
363 2985 482 3064 Oesar
500 2985 710 3063 'Iurearum
728 2985 893 3063 dedisset
911 2985 1061 3083 fugam,
1091 2997 1129 3062 et
1154 3008 1228 3062 non

115 3111 364 3209 spectauisset
400 3133 484 3206 eos,
521 3101 634 3188 'valde
669 3133 755 3187 mox
791 3109 1011 3207 timuerunt3
1050 3119 1087 3189 et
1122 3113 1228 3210 quasi

117 3245 265 3314 amente
293 3247 419 3316 essent
435 3237 473 3314 in
492 3245 594 3316 terra
611 3237 757 3333 aliena,
787 3247 825 3313 et
842 3237 952 3315 valde
970 3261 1079 3315 mane
1107 3261 1228 3318 surre-

118 3371 252 3442 xerant
271 3387 353 3440 eum
364 3364 533 3464 captivos
548 3372 587 3439 et
604 3363 833 3440 festinabant
846 3366 926 3461 jam
944 3363 1227 3464 pestOesarem.

118 3483 211 3566 Inde
231 3489 440 3589 explerauit
457 3513 543 3566 mox
561 3489 704 3566 Paulus
718 3569 722 3578 ,
736 3489 879 3590 Bakytt
905 3490 944 3564 in
973 3489 1102 3568 babitu
1129 3489 1226 3568 'Pur-

118 3617 266 3694 ealinm.
287 3615 409 3710 Quum
428 3617 653 3694 senasissent
676 3616 813 3714 Turei,
843 3615 940 3715 quod
967 3617 1065 3694 foret
1087 3615 1229 3696 Paulus

120 3739 294 3844 aalys,
337 3743 425 3820 ilico
454 3749 584 3821 uonna
612 3767 695 3820 enm
723 3744 840 3822 iruen.
871 3742 1008 3840 Turul,
1037 3739 1084 3822 et'
1102 3751 1228 3822 eoaete

118 3871 437 3968 persequebantur
455 3891 557 3966 eum,
586 3870 655 3948 aad
682 3871 735 3947 nil
763 3877 965 3971 potuerunt
992 3871 1028 3946 ei
1056 3871 1229 3971 quiequid

118 3995 254 4075 faeere.
274 3996 367 4074 Inde
387 3996 532 4096 quidem
553 3997 776 4076 Valentinus
804 3997 961 4076 Therek
989 4005 1027 4073 et
1054 3997 1226 4078 Francia·

118 4143 181 4203 eus
199 4121 378 4226 Nyarasy
397 4131 434 4200 et
453 4123 519 4201 alii
537 4125 626 4201 boni
645 4123 715 4202 viri
735 4124 871 4201 milites
888 4124 997 4202 hausi
1016 4125 1091 4202 lete
1116 4125 1228 4204 eorde

119 4271 231 4352 anper
250 4273 366 4350 equos
385 4274 474 4329 suas
493 4253 693 4330 vibrabant
711 4273 806 4328 sese.
837 4254 885 4328 Et
912 4251 1056 4328 Paulus
1083 4251 1227 4356 Balrytt

120 4387 294 4474 venerat,
315 4388 353 4454 et
371 4379 619 4476 interrogauit
641 4377 867 4458 Valentinus
886 4379 1055 4474 Paulum,
1075 4401 1225 4475 quomo-

120 4501 163 4578 do
183 4514 278 4583 sunt.
300 4506 349 4582 Et
367 4507 508 4584 Paulus
527 4506 760 4602 deelarauit,
780 4505 878 4603 quod
905 4513 1031 4595 essent
1057 4505 1164 4582 multi
1190 4515 1227 4583 et

121 4633 285 4730 captiuus
304 4633 444 4710 ducunt
471 4635 634 4732 copiose.
672 4633 796 4732 „Ergo
816 4655 883 4708 nos
902 4632 1029 4730 quanti
1047 4629 1223 4711 sumus?“

126 4757 287 4854 „Contra
306 4784 372 4838 eoa
390 4780 464 4836 non
482 4779 677 4859 possumus
695 4757 904 4836 eontlietnm
922 4758 1098 4836 babere.“
1120 4757 1226 4840 Dixit
