3248 5210
1136 486 1211 566 105

126 709 261 786 cappam
279 679 445 762 induere.
466 683 708 780 Quaerunt,
728 685 805 762 dixi
824 687 896 762 sibi
916 713 924 760 :
944 687 1073 782 „Vere
1092 693 1130 760 et
1147 693 1212 763 tna

125 813 309 889 dominacio
327 813 367 888 in
383 813 489 888 breui
513 818 679 913 tempore
696 813 798 890 vallo
817 819 924 890 extra
941 813 1105 890 elaustro
1124 813 1211 906 eris,

11 949 12 1032 ἶ
125 940 194 1038 quia
210 963 277 1016 nos
289 942 370 1038 jam
388 961 517 1016 omnes
535 939 674 1016 seimus
691 939 878 1038 capellani
896 939 1017 1036 Regie
1031 939 1211 1036 Majesta-

11 1099 13 1186 ᾗ
124 1067 179 1158 tis,
204 1065 299 1164 quod
327 1072 455 1142 vestra
483 1068 690 1164 paternitas
718 1067 789 1141 erit
815 1065 1118 1164 archiepiscopus
1138 1065 1211 1140 Ba-

124 1193 279 1270 obiensis.
300 1193 351 1268 Et
364 1194 454 1290 jam,
475 1193 570 1289 dieo,
588 1199 674 1291 post
693 1192 1014 1292 dispensaeionem
1032 1193 1212 1268 miserunt

11 1355 12 1412 l
125 1318 298 1416 Hungari,
327 1327 365 1395 et
391 1343 459 1396 sua
486 1318 669 1417 Majestas
695 1319 817 1416 Regia
844 1343 891 1394 ex
918 1341 992 1393 vna
1023 1319 1214 1394 voluntate

125 1448 437 1524 consiliariorum.“
461 1447 494 1520 E
515 1453 645 1523 eontre
662 1447 756 1523 dixit
774 1447 884 1524 mihi:
898 1446 1036 1543 „Pater
1056 1444 1211 1540 Georgi,

127 1573 393 1669 ranengias,
422 1573 521 1672 quod
545 1575 662 1650 semel
680 1573 964 1673 dispensauerat
983 1574 1090 1673 Papo
1108 1579 1215 1672 pater

126 1707 233 1776 noster
251 1723 333 1775 cum
352 1724 425 1776 vno
443 1700 581 1794 milite,
611 1707 751 1800 etpost
776 1700 971 1778 ¹decessum
990 1707 1216 1802 apparuerat

11 1859 12 1924 ς
128 1849 182 1904 suo
207 1829 301 1904 bono
331 1827 450 1903 amieo
469 1828 508 1902 in
527 1827 667 1903 somnis
685 1827 724 1902 iu
742 1826 890 1920 flamme
908 1828 1020 1924 ignea
1048 1827 1213 1904 ardebat.

128 1953 167 2028 Et
183 1954 423 2052 interrogauit
441 1954 583 2030 amiens
601 1953 737 2052 ipsius:
758 1976 872 2051 quare
891 1954 944 2029 ita
962 1952 1111 2030 ardebis
1129 1953 1214 2030 ber-

11 2125 12 2180 Ν
126 2079 198 2156 rede
214 2081 251 2156 in
270 2079 416 2156 flamme
444 2078 585 2178 ignea?
603 2086 727 2174 tamen
754 2087 875 2158 tecum
903 2105 1003 2178 papa
1021 2079 1214 2180 dispensa-

123 2207 174 2282 rit.
206 2207 378 2284 Attamen
398 2207 502 2283 Deus
531 2230 605 2283 non
635 2209 840 2300 consentit,
870 2230 961 2304 ergo
991 2209 1213 2306 dampnatus

125 2336 224 2408 aun.“
246 2331 412 2432 Cumque
431 2333 528 2410 inter
546 2357 737 2416 sermones
755 2335 1054 2412 misteisvenerit
1067 2335 1215 2410 iuterim

11 2479 12 2482 ‘
125 2461 208 2534 eirea
226 2461 358 2558 ipsum,
380 2467 417 2536 et
435 2483 492 2536 me
510 2461 611 2536 misit
628 2461 763 2538 iterum
782 2461 830 2536 ad
849 2461 991 2538 Budam
1008 2461 1215 2538 etreleraui

11 2623 12 2688 ;
125 2585 300 2663 sambtem
320 2595 358 2663 et
376 2588 536 2662 salutem
555 2585 601 2662 de
620 2588 736 2664 fratre
756 2589 889 2666 Paulo.
957 2628 962 2636 ·

217 2713 264 2788 Et
281 2736 356 2790 non
375 2721 460 2812 post
478 2715 614 2790 multos
625 2715 866 2822 ‹lissinterim¹
881 2716 1029 2812 legatus
1040 2711 1215 2790 deRoma

128 2837 395 2916 aSanctissimo
423 2841 526 2916 venit
553 2839 690 2917 Marko
717 2841 926 2936 litteratus,
947 2848 984 2917 et
1000 2841 1142 2917 bullam
1161 2840 1215 2915 di-

127 2966 364 3062 speusacionis
383 2989 465 3040 oum
492 2965 741 3064 indulgenoiis
761 2976 798 3042 et
815 2992 926 3044 unam
945 2967 1215 3068 preceptoriom

127 3093 343 3188 peculiariter
369 3095 596 3172 obtullerunt
615 3095 662 3170 ad
680 3119 812 3173 manus
831 3119 928 3173 suas.
958 3095 1068 3188 Quod
1086 3095 1215 3172 intuis-

127 3219 265 3296 aetiten
285 3219 499 3298 Ludouieus
522 3222 649 3298 statim
667 3229 754 3320 post
772 3223 893 3321 ipsum
912 3223 1014 3299 misit
1031 3222 1058 3298 J
1059 3245 1215 3298 oannem

130 3345 365 3424 Bomemiaam
385 3348 433 3423 ad
451 3347 699 3445 Strigoniam,
729 3351 817 3446 quia
841 3357 1041 3447 antequam·
1059 3349 1217 3424 fideliter

128 3473 264 3550 semiuit
281 3475 366 3568 sibi,
386 3483 424 3550 et
442 3498 565 3551 ereem
586 3475 756 3571 Fogaras
774 3476 812 3550 in
831 3475 1099 3554 Transiluania
1114 3481 1216 3550 tene·

127 3597 236 3676 hatab
253 3601 337 3699 ipso
357 3600 442 3676 dum
462 3601 601 3676 eratin
619 3601 771 3676 militari
789 3601 918 3678 habitu
929 3609 966 3677 et
980 3597 1210 3699 seculari.³²·l

128 3719 193 3824 (Et)
216 3726 373 3804 duxerat
400 3727 448 3802 ad
477 3727 726 3803 Bada-Pestb
745 3727 784 3802 in
802 3729 966 3805 elaustro
985 3726 1025 3802 S.
1044 3725 1217 3824 Apostoli

128 3848 221 3946 Petri,
239 3861 276 3928 et
294 3853 378 3930 Rex
397 3853 499 3929 dedit
517 3854 551 3929 ei
563 3855 710 3930 litteras
723 3855 942 3932 absoluendi
960 3863 997 3930 et
1014 3852 1168 3950 ligandi,
1180 3859 1218 3926 et

126 3974 266 4056 umbri
283 3987 322 4055 et
339 3979 587 4078 suspendendi
606 3981 825 4078 quicumque
853 3989 1007 4060 mortem
1035 3977 1215 4056 meruerit

127 4102 227 4202 ligne,
238 4107 438 4184 seeundum
449 4107 640 4204 justiciam
651 4107 734 4202 Dei,
747 4107 1010 4204 adurgendum
1020 4099 1215 4206 uelpuniri

126 4231 379 4312 authoritatem.
400 4235 451 4308 Et
471 4233 683 4332 appellatus
702 4241 783 4309 erat
802 4232 917 4310 Cheri
926 4237 1040 4311 bassa
1050 4236 1098 4309 ab
1109 4233 1214 4310 Hun-

123 4359 226 4454 garis,
256 4371 295 4436 et
323 4382 439 4457 vsque
469 4359 516 4434 ad
545 4366 698 4436 mortem
725 4359 910 4436 habuerat
928 4382 1072 4436 nomen.
1102 4361 1153 4436 Et
1170 4359 1216 4435 de

122 4483 197 4580 alija
213 4493 320 4583 parte
349 4485 467 4581 Regis
494 4484 674 4562 Ludouiei
695 4485 753 4561 rir
771 4487 932 4584 optimus
950 4485 996 4561 de
1015 4487 1133 4564 nobili
1150 4511 1214 4584 ge·

121 4631 193 4684 nere
220 4609 433 4710 Stephanus
461 4611 601 4687 Bardia
636 4613 799 4689 famulus
826 4620 924 4709 erat,
951 4619 990 4687 et
1017 4614 1214 4690 maximam

122 4733 289 4814 lumnam
309 4737 492 4833 babebat;
511 4737 551 4813 in
570 4759 800 4838 quoeunque
808 4737 848 4815 in
858 4737 1046 4817 alliotione
1064 4763 1214 4840 possem
