<?xml version="1.0" encoding="UTF-8"?>
<!DOCTYPE html PUBLIC "-//W3C//DTD XHTML 1.0 Transitional//EN"
    "http://www.w3.org/TR/xhtml1/DTD/xhtml1-transitional.dtd">
<html xmlns="http://www.w3.org/1999/xhtml" xml:lang="en" lang="en">
 <head>
  <title>
</title>
<meta http-equiv="Content-Type" content="text/html;charset=utf-8" />
  <meta name='ocr-system' content='tesseract 3.04.00' />
  <meta name='ocr-capabilities' content='ocr_page ocr_carea ocr_par ocr_line ocrx_word'/>
</head>
<body>
  <div class='ocr_page' id='page_1' title='image "./emlkiratamagyar00wenzgoog_0232.png"; bbox 0 0 3226 5220; ppageno 0'>
   <div class='ocr_carea' id='block_1_1' title="bbox 1140 479 1217 565">
    <p class='ocr_par' dir='ltr' id='par_1_1' title="bbox 1140 479 1217 565">
     <span class='ocr_line' id='line_1_1' title="bbox 1140 479 1217 565; baseline 0.013 -1"><span class='ocrx_word' id='word_1_1' title='bbox 1140 479 1217 565; x_wconf 75' lang='lat'><strong>185</strong></span> 
     </span>
    </p>
   </div>
   <div class='ocr_carea' id='block_1_2' title="bbox 106 677 1279 2311">
    <p class='ocr_par' dir='ltr' id='par_1_2' title="bbox 107 677 1279 1034">
     <span class='ocr_line' id='line_1_2' title="bbox 107 677 1220 782; baseline 0.004 -24"><span class='ocrx_word' id='word_1_2' title='bbox 107 677 207 758; x_wconf 85' lang='lat' dir='ltr'><strong>Sitis</strong></span> <span class='ocrx_word' id='word_1_3' title='bbox 232 679 397 782; x_wconf 83' lang='lat' dir='ltr'><strong>perfecte</strong></span> <span class='ocrx_word' id='word_1_4' title='bbox 423 700 586 780; x_wconf 90' lang='lat' dir='ltr'><strong>mecum,</strong></span> <span class='ocrx_word' id='word_1_5' title='bbox 616 679 705 780; x_wconf 85' lang='lat' dir='ltr'><strong>quia</strong></span> <span class='ocrx_word' id='word_1_6' title='bbox 724 679 759 760; x_wconf 86' lang='lat' dir='ltr'><strong>sl</strong></span> <span class='ocrx_word' id='word_1_7' title='bbox 777 678 883 761; x_wconf 85' lang='lat' dir='ltr'><strong>Deus</strong></span> <span class='ocrx_word' id='word_1_8' title='bbox 910 680 1115 762; x_wconf 85' lang='lat' dir='ltr'><strong>altissimus</strong></span> <span class='ocrx_word' id='word_1_9' title='bbox 1134 706 1220 762; x_wconf 90' lang='lat' dir='ltr'><strong>con-</strong></span> 
     </span>
     <span class='ocr_line' id='line_1_3' title="bbox 108 807 1219 912; baseline 0.003 -26"><span class='ocrx_word' id='word_1_10' title='bbox 108 809 287 908; x_wconf 75' lang='lat' dir='ltr'><strong>cesserit,</strong></span> <span class='ocrx_word' id='word_1_11' title='bbox 317 815 359 884; x_wconf 88' lang='lat' dir='ltr'><strong>ut</strong></span> <span class='ocrx_word' id='word_1_12' title='bbox 382 807 587 886; x_wconf 75' lang='lat' dir='ltr'><strong>vobiscum.</strong></span> <span class='ocrx_word' id='word_1_13' title='bbox 602 807 712 886; x_wconf 90' lang='lat' dir='ltr'><strong>simul</strong></span> <span class='ocrx_word' id='word_1_14' title='bbox 738 808 871 886; x_wconf 91' lang='lat' dir='ltr'><strong>intrem</strong></span> <span class='ocrx_word' id='word_1_15' title='bbox 890 807 1083 886; x_wconf 88' lang='lat' dir='ltr'><strong>adsedem</strong></span> <span class='ocrx_word' id='word_1_16' title='bbox 1101 809 1219 912; x_wconf 81' lang='lat' dir='ltr'><strong>Majo-</strong></span> 
     </span>
     <span class='ocr_line' id='line_1_4' title="bbox 107 935 1279 1034; baseline 0.002 -20"><span class='ocrx_word' id='word_1_17' title='bbox 107 937 220 1014; x_wconf 80' lang='lat' dir='ltr'><strong>statis</strong></span> <span class='ocrx_word' id='word_1_18' title='bbox 237 936 322 1034; x_wconf 85' lang='lat' dir='ltr'><strong>mci,</strong></span> <span class='ocrx_word' id='word_1_19' title='bbox 343 942 479 1012; x_wconf 77' lang='lat' dir='ltr'><strong>extunc</strong></span> <span class='ocrx_word' id='word_1_20' title='bbox 496 935 629 1033; x_wconf 80' lang='lat' dir='ltr'><strong>viginti</strong></span> <span class='ocrx_word' id='word_1_21' title='bbox 648 935 760 1014; x_wconf 91' lang='lat' dir='ltr'><strong>solidi</strong></span> <span class='ocrx_word' id='word_1_22' title='bbox 779 936 851 1014; x_wconf 91' lang='lat' dir='ltr'><strong>erit</strong></span> <span class='ocrx_word' id='word_1_23' title='bbox 867 937 976 1014; x_wconf 87' lang='lat' dir='ltr'><strong>vobis</strong></span> <span class='ocrx_word' id='word_1_24' title='bbox 993 939 1163 1016; x_wconf 87' lang='lat' dir='ltr'><strong>census.“</strong></span> <span class='ocrx_word' id='word_1_25' title='bbox 1275 943 1279 950; x_wconf 83' lang='grc'>’</span> 
     </span>
    </p>

    <p class='ocr_par' dir='ltr' id='par_1_3' title="bbox 106 1061 1225 2311">
     <span class='ocr_line' id='line_1_5' title="bbox 214 1061 1219 1163; baseline 0.005 -25"><span class='ocrx_word' id='word_1_26' title='bbox 214 1061 309 1140; x_wconf 92' lang='lat' dir='ltr'><strong>Inde</strong></span> <span class='ocrx_word' id='word_1_27' title='bbox 327 1061 499 1162; x_wconf 85' lang='lat' dir='ltr'><strong>equidem</strong></span> <span class='ocrx_word' id='word_1_28' title='bbox 516 1063 645 1161; x_wconf 78' lang='lat' dir='ltr'><strong>iugem</strong></span> <span class='ocrx_word' id='word_1_29' title='bbox 663 1062 779 1141; x_wconf 86' lang='lat' dir='ltr'><strong>habui</strong></span> <span class='ocrx_word' id='word_1_30' title='bbox 795 1071 1076 1163; x_wconf 82' lang='lat' dir='ltr'><strong>supermontem</strong></span> <span class='ocrx_word' id='word_1_31' title='bbox 1095 1063 1219 1148; x_wconf 84' lang='lat' dir='ltr'><strong>&#39;Pher-</strong></span> 
     </span>
     <span class='ocr_line' id='line_1_6' title="bbox 107 1188 1220 1292; baseline 0 -25"><span class='ocrx_word' id='word_1_32' title='bbox 107 1191 190 1288; x_wconf 84' lang='lat' dir='ltr'><strong>cnI,</strong></span> <span class='ocrx_word' id='word_1_33' title='bbox 220 1191 352 1292; x_wconf 87' lang='lat' dir='ltr'><strong>aspexi</strong></span> <span class='ocrx_word' id='word_1_34' title='bbox 390 1197 575 1269; x_wconf 90' lang='lat' dir='ltr'><strong>castorem</strong></span> <span class='ocrx_word' id='word_1_35' title='bbox 611 1188 897 1269; x_wconf 79' lang='lat' dir='ltr'><strong>Germanorum.</strong></span> <span class='ocrx_word' id='word_1_36' title='bbox 935 1190 1084 1268; x_wconf 85' lang='lat' dir='ltr'><strong>Ertonc</strong></span> <span class='ocrx_word' id='word_1_37' title='bbox 1112 1191 1220 1290; x_wconf 90' lang='lat' dir='ltr'><strong>quasi</strong></span> 
     </span>
     <span class='ocr_line' id='line_1_7' title="bbox 109 1315 1222 1419; baseline 0 -25"><span class='ocrx_word' id='word_1_38' title='bbox 109 1317 237 1396; x_wconf 87' lang='lat' dir='ltr'><strong>nullus</strong></span> <span class='ocrx_word' id='word_1_39' title='bbox 256 1319 466 1419; x_wconf 77' lang='lat' dir='ltr'><strong>apparebat</strong></span> <span class='ocrx_word' id='word_1_40' title='bbox 483 1318 693 1396; x_wconf 74' lang='lat' dir='ltr'><strong>pastoribus</strong></span> <span class='ocrx_word' id='word_1_41' title='bbox 711 1339 850 1396; x_wconf 91' lang='lat' dir='ltr'><strong>eorum.</strong></span> <span class='ocrx_word' id='word_1_42' title='bbox 879 1317 1031 1394; x_wconf 83' lang='lat' dir='ltr'><strong>Extunc</strong></span> <span class='ocrx_word' id='word_1_43' title='bbox 1047 1315 1222 1395; x_wconf 86' lang='lat' dir='ltr'><strong>Alemani</strong></span> 
     </span>
     <span class='ocr_line' id='line_1_8' title="bbox 108 1443 1221 1546; baseline 0.003 -26"><span class='ocrx_word' id='word_1_44' title='bbox 108 1447 238 1542; x_wconf 76' lang='lat' dir='ltr'><strong>iugem</strong></span> <span class='ocrx_word' id='word_1_45' title='bbox 257 1443 436 1522; x_wconf 88' lang='lat' dir='ltr'><strong>dederant</strong></span> <span class='ocrx_word' id='word_1_46' title='bbox 453 1443 499 1522; x_wconf 90' lang='lat' dir='ltr'><strong>de</strong></span> <span class='ocrx_word' id='word_1_47' title='bbox 517 1451 665 1524; x_wconf 87' lang='lat' dir='ltr'><strong>castore</strong></span> <span class='ocrx_word' id='word_1_48' title='bbox 683 1466 813 1524; x_wconf 90' lang='lat' dir='ltr'><strong>eorum</strong></span> <span class='ocrx_word' id='word_1_49' title='bbox 833 1444 882 1521; x_wconf 94' lang='lat' dir='ltr'><strong>ad</strong></span> <span class='ocrx_word' id='word_1_50' title='bbox 899 1452 1047 1546; x_wconf 89' lang='lat' dir='ltr'><strong>pratum</strong></span> <span class='ocrx_word' id='word_1_51' title='bbox 1073 1445 1221 1544; x_wconf 71' lang='lat' dir='ltr'><strong>unicis,</strong></span> 
     </span>
     <span class='ocr_line' id='line_1_9' title="bbox 106 1569 1221 1672; baseline 0.001 -23"><span class='ocrx_word' id='word_1_52' title='bbox 106 1571 337 1649; x_wconf 89' lang='lat' dir='ltr'><strong>solummodo</strong></span> <span class='ocrx_word' id='word_1_53' title='bbox 356 1570 579 1669; x_wconf 78' lang='lat' dir='ltr'><strong>Hungarica</strong></span> <span class='ocrx_word' id='word_1_54' title='bbox 596 1595 686 1672; x_wconf 88' lang='lat' dir='ltr'><strong>pars</strong></span> <span class='ocrx_word' id='word_1_55' title='bbox 703 1570 892 1649; x_wconf 80' lang='lat' dir='ltr'><strong>residebat</strong></span> <span class='ocrx_word' id='word_1_56' title='bbox 909 1571 949 1647; x_wconf 91' lang='lat' dir='ltr'><strong>in</strong></span> <span class='ocrx_word' id='word_1_57' title='bbox 967 1578 1113 1650; x_wconf 90' lang='lat' dir='ltr'><strong>castore</strong></span> <span class='ocrx_word' id='word_1_58' title='bbox 1123 1569 1221 1650; x_wconf 78' lang='lat' dir='ltr'><strong>Ger·</strong></span> 
     </span>
     <span class='ocr_line' id='line_1_10' title="bbox 109 1697 1222 1796; baseline -0.002 -20"><span class='ocrx_word' id='word_1_59' title='bbox 109 1700 280 1795; x_wconf 84' lang='lat' dir='ltr'><strong>manica,</strong></span> <span class='ocrx_word' id='word_1_60' title='bbox 297 1760 300 1766; x_wconf 19' lang='grc' dir='ltr'><strong><em>Δ</em></strong></span> <span class='ocrx_word' id='word_1_61' title='bbox 318 1698 544 1778; x_wconf 85' lang='lat' dir='ltr'><strong>Valentinus</strong></span> <span class='ocrx_word' id='word_1_62' title='bbox 580 1697 756 1796; x_wconf 81' lang='lat' dir='ltr'><strong>Therek,</strong></span> <span class='ocrx_word' id='word_1_63' title='bbox 793 1698 1018 1777; x_wconf 83' lang='lat' dir='ltr'><strong>Franciscus</strong></span> <span class='ocrx_word' id='word_1_64' title='bbox 1033 1697 1222 1796; x_wconf 84' lang='lat' dir='ltr'><strong>&#39;Horwat,</strong></span> 
     </span>
     <span class='ocr_line' id='line_1_11' title="bbox 106 1823 1221 1925; baseline 0 -23"><span class='ocrx_word' id='word_1_65' title='bbox 106 1826 291 1905; x_wconf 88' lang='lat' dir='ltr'><strong>Nicolaus</strong></span> <span class='ocrx_word' id='word_1_66' title='bbox 309 1823 487 1924; x_wconf 74' lang='lat' dir='ltr'><strong>floreret,</strong></span> <span class='ocrx_word' id='word_1_67' title='bbox 507 1832 546 1904; x_wconf 89' lang='lat' dir='ltr'><strong>et</strong></span> <span class='ocrx_word' id='word_1_68' title='bbox 562 1825 617 1904; x_wconf 91' lang='lat' dir='ltr'><strong>sic</strong></span> <span class='ocrx_word' id='word_1_69' title='bbox 635 1825 680 1902; x_wconf 88' lang='lat' dir='ltr'><strong>de</strong></span> <span class='ocrx_word' id='word_1_70' title='bbox 699 1826 861 1925; x_wconf 81' lang='lat' dir='ltr'><strong>singulis</strong></span> <span class='ocrx_word' id='word_1_71' title='bbox 879 1849 1018 1905; x_wconf 90' lang='lat' dir='ltr'><strong>eorum.</strong></span> <span class='ocrx_word' id='word_1_72' title='bbox 1040 1826 1124 1923; x_wconf 75' lang='lat' dir='ltr'><strong>Ego</strong></span> <span class='ocrx_word' id='word_1_73' title='bbox 1144 1827 1221 1904; x_wconf 88' lang='lat' dir='ltr'><strong>cla·</strong></span> 
     </span>
     <span class='ocr_line' id='line_1_12' title="bbox 115 1951 1225 2054; baseline 0 -24"><span class='ocrx_word' id='word_1_74' title='bbox 115 1975 222 2032; x_wconf 85' lang='lat' dir='ltr'><strong>mare</strong></span> <span class='ocrx_word' id='word_1_75' title='bbox 250 1953 374 2053; x_wconf 83' lang='lat' dir='ltr'><strong>incepi</strong></span> <span class='ocrx_word' id='word_1_76' title='bbox 392 1953 439 2033; x_wconf 86' lang='lat' dir='ltr'><strong>dc</strong></span> <span class='ocrx_word' id='word_1_77' title='bbox 456 1961 580 2031; x_wconf 89' lang='lat' dir='ltr'><strong>monte</strong></span> <span class='ocrx_word' id='word_1_78' title='bbox 598 1951 767 2033; x_wconf 84' lang='lat' dir='ltr'><strong>Tharcal</strong></span> <span class='ocrx_word' id='word_1_79' title='bbox 785 1982 794 2030; x_wconf 92' lang='lat'><strong>:</strong></span> <span class='ocrx_word' id='word_1_80' title='bbox 819 1954 942 2054; x_wconf 87' lang='lat' dir='ltr'><strong>„Ecce</strong></span> <span class='ocrx_word' id='word_1_81' title='bbox 961 1954 1109 2052; x_wconf 80' lang='lat' dir='ltr'><strong>tugiunt</strong></span> <span class='ocrx_word' id='word_1_82' title='bbox 1127 1951 1225 2035; x_wconf 82' lang='lat' dir='ltr'><strong>Ger·</strong></span> 
     </span>
     <span class='ocr_line' id='line_1_13' title="bbox 110 2079 1224 2182; baseline -0.002 -23"><span class='ocrx_word' id='word_1_83' title='bbox 110 2080 213 2159; x_wconf 83' lang='lat' dir='ltr'><strong>mani</strong></span> <span class='ocrx_word' id='word_1_84' title='bbox 224 2081 259 2178; x_wconf 83' lang='lat'><strong>;“</strong></span> <span class='ocrx_word' id='word_1_85' title='bbox 280 2082 496 2182; x_wconf 84' lang='lat' dir='ltr'><strong>repetebam</strong></span> <span class='ocrx_word' id='word_1_86' title='bbox 514 2081 734 2161; x_wconf 80' lang='lat' dir='ltr'><strong>multociens</strong></span> <span class='ocrx_word' id='word_1_87' title='bbox 751 2089 792 2160; x_wconf 89' lang='lat' dir='ltr'><strong>et</strong></span> <span class='ocrx_word' id='word_1_88' title='bbox 809 2080 995 2159; x_wconf 89' lang='lat' dir='ltr'><strong>descendi.</strong></span> <span class='ocrx_word' id='word_1_89' title='bbox 1023 2079 1133 2158; x_wconf 77' lang='lat' dir='ltr'><strong>Tunc</strong></span> <span class='ocrx_word' id='word_1_90' title='bbox 1150 2079 1224 2157; x_wconf 94' lang='lat' dir='ltr'><strong>Po·</strong></span> 
     </span>
     <span class='ocr_line' id='line_1_14' title="bbox 109 2209 1225 2311; baseline 0 -25"><span class='ocrx_word' id='word_1_91' title='bbox 109 2210 282 2287; x_wconf 91' lang='lat' dir='ltr'><strong>lonorum</strong></span> <span class='ocrx_word' id='word_1_92' title='bbox 301 2209 403 2287; x_wconf 87' lang='lat' dir='ltr'><strong>acies</strong></span> <span class='ocrx_word' id='word_1_93' title='bbox 419 2231 607 2310; x_wconf 87' lang='lat' dir='ltr'><strong>pauperes</strong></span> <span class='ocrx_word' id='word_1_94' title='bbox 616 2209 664 2287; x_wconf 92' lang='lat' dir='ltr'><strong>ad</strong></span> <span class='ocrx_word' id='word_1_95' title='bbox 673 2232 837 2311; x_wconf 80' lang='lat' dir='ltr'><strong>pugnam</strong></span> <span class='ocrx_word' id='word_1_96' title='bbox 846 2209 1110 2289; x_wconf 86' lang='lat' dir='ltr'><strong>ordinauerant</strong></span> <span class='ocrx_word' id='word_1_97' title='bbox 1127 2229 1225 2306; x_wconf 88' lang='lat' dir='ltr'><strong>sesc‚·</strong></span> 
     </span>
    </p>
   </div>
   <div class='ocr_carea' id='block_1_3' title="bbox 102 2335 1225 2438">
    <p class='ocr_par' dir='ltr' id='par_1_4' title="bbox 102 2335 1225 2438">
     <span class='ocr_line' id='line_1_15' title="bbox 102 2335 1225 2438; baseline 0.004 -28"><span class='ocrx_word' id='word_1_98' title='bbox 102 2335 211 2413; x_wconf 81' lang='lat' dir='ltr'><strong>,etad</strong></span> <span class='ocrx_word' id='word_1_99' title='bbox 221 2339 376 2438; x_wconf 88' lang='lat' dir='ltr'><strong>januam</strong></span> <span class='ocrx_word' id='word_1_100' title='bbox 394 2335 538 2438; x_wconf 82' lang='lat' dir='ltr'><strong>Thocaj</strong></span> <span class='ocrx_word' id='word_1_101' title='bbox 559 2336 793 2435; x_wconf 85' lang='lat' dir='ltr'><strong>obsederunt,</strong></span> <span class='ocrx_word' id='word_1_102' title='bbox 813 2361 860 2415; x_wconf 92' lang='lat' dir='ltr'><strong>ne</strong></span> <span class='ocrx_word' id='word_1_103' title='bbox 880 2335 1092 2416; x_wconf 82' lang='lat' dir='ltr'><strong>Germanos</strong></span> <span class='ocrx_word' id='word_1_104' title='bbox 1109 2337 1225 2414; x_wconf 91' lang='lat' dir='ltr'><strong>intro-</strong></span> 
     </span>
    </p>
   </div>
   <div class='ocr_carea' id='block_1_4' title="bbox 113 2463 1233 4730">
    <p class='ocr_par' dir='ltr' id='par_1_5' title="bbox 113 2463 1233 4730">
     <span class='ocr_line' id='line_1_16' title="bbox 115 2463 1226 2566; baseline 0 -25"><span class='ocrx_word' id='word_1_105' title='bbox 115 2465 300 2543; x_wconf 80' lang='lat' dir='ltr'><strong>miterent</strong></span> <span class='ocrx_word' id='word_1_106' title='bbox 321 2464 373 2542; x_wconf 85' lang='lat' dir='ltr'><strong>Et</strong></span> <span class='ocrx_word' id='word_1_107' title='bbox 390 2464 534 2543; x_wconf 91' lang='lat' dir='ltr'><strong>Paulus</strong></span> <span class='ocrx_word' id='word_1_108' title='bbox 552 2463 723 2564; x_wconf 71' lang='lat' dir='ltr'><strong>artandi,</strong></span> <span class='ocrx_word' id='word_1_109' title='bbox 744 2466 808 2566; x_wconf 89' lang='lat' dir='ltr'><strong>qui</strong></span> <span class='ocrx_word' id='word_1_110' title='bbox 818 2473 900 2543; x_wconf 90' lang='lat' dir='ltr'><strong>erat</strong></span> <span class='ocrx_word' id='word_1_111' title='bbox 909 2464 1110 2566; x_wconf 90' lang='lat' dir='ltr'><strong>dupliciter</strong></span> <span class='ocrx_word' id='word_1_112' title='bbox 1128 2487 1226 2542; x_wconf 88' lang='lat' dir='ltr'><strong>com-</strong></span> 
     </span>
     <span class='ocr_line' id='line_1_17' title="bbox 113 2589 1225 2693; baseline -0.001 -23"><span class='ocrx_word' id='word_1_113' title='bbox 113 2597 223 2692; x_wconf 82' lang='lat' dir='ltr'><strong>pater</strong></span> <span class='ocrx_word' id='word_1_114' title='bbox 241 2589 364 2690; x_wconf 76' lang='lat' dir='ltr'><strong>Regis</strong></span> <span class='ocrx_word' id='word_1_115' title='bbox 382 2590 594 2692; x_wconf 85' lang='lat' dir='ltr'><strong>Majcstatis</strong></span> <span class='ocrx_word' id='word_1_116' title='bbox 611 2591 734 2670; x_wconf 90' lang='lat' dir='ltr'><strong>adbuc</strong></span> <span class='ocrx_word' id='word_1_117' title='bbox 750 2590 1125 2693; x_wconf 88' lang='lat' dir='ltr'><strong>temporevaiuodan.</strong></span> <span class='ocrx_word' id='word_1_118' title='bbox 1145 2614 1225 2690; x_wconf 84' lang='lat' dir='ltr'><strong>suo,</strong></span> 
     </span>
     <span class='ocr_line' id='line_1_18' title="bbox 113 2717 1228 2818; baseline 0.001 -23"><span class='ocrx_word' id='word_1_119' title='bbox 113 2725 251 2796; x_wconf 83' lang='lat' dir='ltr'><strong>extunc</strong></span> <span class='ocrx_word' id='word_1_120' title='bbox 278 2719 472 2818; x_wconf 86' lang='lat' dir='ltr'><strong>equitabat</strong></span> <span class='ocrx_word' id='word_1_121' title='bbox 497 2717 584 2798; x_wconf 88' lang='lat' dir='ltr'><strong>hino</strong></span> <span class='ocrx_word' id='word_1_122' title='bbox 612 2727 651 2797; x_wconf 91' lang='lat' dir='ltr'><strong>et</strong></span> <span class='ocrx_word' id='word_1_123' title='bbox 676 2718 774 2796; x_wconf 89' lang='lat' dir='ltr'><strong>banc</strong></span> <span class='ocrx_word' id='word_1_124' title='bbox 801 2719 841 2796; x_wconf 92' lang='lat' dir='ltr'><strong>in</strong></span> <span class='ocrx_word' id='word_1_125' title='bbox 867 2719 987 2797; x_wconf 87' lang='lat' dir='ltr'><strong>lorice</strong></span> <span class='ocrx_word' id='word_1_126' title='bbox 1013 2739 1082 2795; x_wconf 87' lang='lat' dir='ltr'><strong>soa</strong></span> <span class='ocrx_word' id='word_1_127' title='bbox 1099 2717 1228 2797; x_wconf 85' lang='lat' dir='ltr'><strong>induta</strong></span> 
     </span>
     <span class='ocr_line' id='line_1_19' title="bbox 114 2844 1228 2947; baseline 0.001 -25"><span class='ocrx_word' id='word_1_128' title='bbox 114 2867 198 2922; x_wconf 92' lang='lat' dir='ltr'><strong>cum</strong></span> <span class='ocrx_word' id='word_1_129' title='bbox 227 2845 344 2924; x_wconf 81' lang='lat' dir='ltr'><strong>fratre</strong></span> <span class='ocrx_word' id='word_1_130' title='bbox 362 2865 431 2923; x_wconf 92' lang='lat' dir='ltr'><strong>suo</strong></span> <span class='ocrx_word' id='word_1_131' title='bbox 451 2845 580 2926; x_wconf 83' lang='lat' dir='ltr'><strong>Blasio</strong></span> <span class='ocrx_word' id='word_1_132' title='bbox 607 2845 787 2943; x_wconf 83' lang='lat' dir='ltr'><strong>Artandi3</strong></span> <span class='ocrx_word' id='word_1_133' title='bbox 817 2845 914 2924; x_wconf 90' lang='lat' dir='ltr'><strong>sicut</strong></span> <span class='ocrx_word' id='word_1_134' title='bbox 941 2844 1228 2947; x_wconf 84' lang='lat' dir='ltr'><strong>vespertiliones</strong></span> 
     </span>
     <span class='ocr_line' id='line_1_20' title="bbox 118 2971 1111 3076; baseline 0.001 -27"><span class='ocrx_word' id='word_1_135' title='bbox 118 2993 201 3050; x_wconf 90' lang='lat' dir='ltr'><strong>cum</strong></span> <span class='ocrx_word' id='word_1_136' title='bbox 220 2971 384 3052; x_wconf 90' lang='lat' dir='ltr'><strong>cateruis</strong></span> <span class='ocrx_word' id='word_1_137' title='bbox 402 2972 502 3068; x_wconf 84' lang='lat' dir='ltr'><strong>suis3</strong></span> <span class='ocrx_word' id='word_1_138' title='bbox 522 2979 560 3051; x_wconf 86' lang='lat' dir='ltr'><strong>et</strong></span> <span class='ocrx_word' id='word_1_139' title='bbox 576 2981 760 3052; x_wconf 87' lang='lat' dir='ltr'><strong>venerunt</strong></span> <span class='ocrx_word' id='word_1_140' title='bbox 777 2973 826 3051; x_wconf 90' lang='lat' dir='ltr'><strong>ad</strong></span> <span class='ocrx_word' id='word_1_141' title='bbox 842 2972 1111 3076; x_wconf 75' lang='lat' dir='ltr'><strong>pugillandum.</strong></span> 
     </span>
     <span class='ocr_line' id='line_1_21' title="bbox 221 3096 1227 3204; baseline 0.003 -29"><span class='ocrx_word' id='word_1_142' title='bbox 221 3096 381 3178; x_wconf 91' lang='lat' dir='ltr'><strong>Interim</strong></span> <span class='ocrx_word' id='word_1_143' title='bbox 408 3123 498 3201; x_wconf 90' lang='lat' dir='ltr'><strong>pars</strong></span> <span class='ocrx_word' id='word_1_144' title='bbox 517 3098 790 3180; x_wconf 81' lang='lat' dir='ltr'><strong>Germanorum</strong></span> <span class='ocrx_word' id='word_1_145' title='bbox 809 3101 858 3178; x_wconf 87' lang='lat' dir='ltr'><strong>ad</strong></span> <span class='ocrx_word' id='word_1_146' title='bbox 875 3123 1039 3202; x_wconf 85' lang='lat' dir='ltr'><strong>yanuam</strong></span> <span class='ocrx_word' id='word_1_147' title='bbox 1057 3099 1227 3204; x_wconf 79' lang='lat' dir='ltr'><strong>Thocay.</strong></span> 
     </span>
     <span class='ocr_line' id='line_1_22' title="bbox 118 3225 1229 3329; baseline 0.002 -25"><span class='ocrx_word' id='word_1_148' title='bbox 118 3226 268 3314; x_wconf 83' lang='lat' dir='ltr'><strong>Exturc</strong></span> <span class='ocrx_word' id='word_1_149' title='bbox 292 3225 378 3304; x_wconf 92' lang='lat' dir='ltr'><strong>inde</strong></span> <span class='ocrx_word' id='word_1_150' title='bbox 407 3227 521 3305; x_wconf 90' lang='lat' dir='ltr'><strong>aulici</strong></span> <span class='ocrx_word' id='word_1_151' title='bbox 549 3226 669 3326; x_wconf 78' lang='lat' dir='ltr'><strong>Regia</strong></span> <span class='ocrx_word' id='word_1_152' title='bbox 697 3227 911 3327; x_wconf 87' lang='lat' dir='ltr'><strong>Majestatis</strong></span> <span class='ocrx_word' id='word_1_153' title='bbox 938 3228 1078 3307; x_wconf 88' lang='lat' dir='ltr'><strong>milites</strong></span> <span class='ocrx_word' id='word_1_154' title='bbox 1096 3227 1145 3305; x_wconf 92' lang='lat' dir='ltr'><strong>ad</strong></span> <span class='ocrx_word' id='word_1_155' title='bbox 1160 3251 1229 3329; x_wconf 89' lang='lat' dir='ltr'><strong>pu·</strong></span> 
     </span>
     <span class='ocr_line' id='line_1_23' title="bbox 118 3353 1229 3453; baseline 0.002 -23"><span class='ocrx_word' id='word_1_156' title='bbox 118 3353 324 3452; x_wconf 71' lang='lat' dir='ltr'><strong>gillandum</strong></span> <span class='ocrx_word' id='word_1_157' title='bbox 352 3361 483 3433; x_wconf 88' lang='lat' dir='ltr'><strong>contra</strong></span> <span class='ocrx_word' id='word_1_158' title='bbox 501 3377 568 3433; x_wconf 91' lang='lat' dir='ltr'><strong>eos</strong></span> <span class='ocrx_word' id='word_1_159' title='bbox 586 3353 812 3453; x_wconf 80' lang='lat' dir='ltr'><strong>affigebant,</strong></span> <span class='ocrx_word' id='word_1_160' title='bbox 842 3361 879 3432; x_wconf 90' lang='lat' dir='ltr'><strong>ct</strong></span> <span class='ocrx_word' id='word_1_161' title='bbox 907 3355 1045 3432; x_wconf 88' lang='lat' dir='ltr'><strong>milites</strong></span> <span class='ocrx_word' id='word_1_162' title='bbox 1071 3355 1229 3434; x_wconf 90' lang='lat' dir='ltr'><strong>Artandi</strong></span> 
     </span>
     <span class='ocr_line' id='line_1_24' title="bbox 118 3482 1232 3584; baseline 0.003 -27"><span class='ocrx_word' id='word_1_163' title='bbox 118 3503 197 3558; x_wconf 88' lang='lat' dir='ltr'><strong>cunr</strong></span> <span class='ocrx_word' id='word_1_164' title='bbox 217 3483 273 3562; x_wconf 91' lang='lat' dir='ltr'><strong>eis</strong></span> <span class='ocrx_word' id='word_1_165' title='bbox 292 3483 401 3581; x_wconf 89' lang='lat' dir='ltr'><strong>quasi</strong></span> <span class='ocrx_word' id='word_1_166' title='bbox 419 3482 551 3562; x_wconf 86' lang='lat' dir='ltr'><strong>fideles</strong></span> <span class='ocrx_word' id='word_1_167' title='bbox 569 3484 804 3584; x_wconf 84' lang='lat' dir='ltr'><strong>apparuisse.</strong></span> <span class='ocrx_word' id='word_1_168' title='bbox 836 3483 887 3560; x_wconf 88' lang='lat' dir='ltr'><strong>Et</strong></span> <span class='ocrx_word' id='word_1_169' title='bbox 907 3505 992 3559; x_wconf 85' lang='lat' dir='ltr'><strong>mox</strong></span> <span class='ocrx_word' id='word_1_170' title='bbox 1011 3483 1232 3583; x_wconf 88' lang='lat' dir='ltr'><strong>inceperunt</strong></span> 
     </span>
     <span class='ocr_line' id='line_1_25' title="bbox 121 3607 1230 3710; baseline 0.007 -25"><span class='ocrx_word' id='word_1_171' title='bbox 121 3607 299 3688; x_wconf 66' lang='lat' dir='ltr'><strong>mosmos</strong></span> <span class='ocrx_word' id='word_1_172' title='bbox 317 3608 456 3686; x_wconf 88' lang='lat' dir='ltr'><strong>milites</strong></span> <span class='ocrx_word' id='word_1_173' title='bbox 475 3607 596 3707; x_wconf 80' lang='lat' dir='ltr'><strong>Regio</strong></span> <span class='ocrx_word' id='word_1_174' title='bbox 615 3609 829 3708; x_wconf 87' lang='lat' dir='ltr'><strong>Majestatis</strong></span> <span class='ocrx_word' id='word_1_175' title='bbox 842 3608 1031 3710; x_wconf 79' lang='lat' dir='ltr'><strong>pugillare</strong></span> <span class='ocrx_word' id='word_1_176' title='bbox 1041 3617 1230 3708; x_wconf 67' lang='lat' dir='ltr'><strong>ceperunt,</strong></span> 
     </span>
     <span class='ocr_line' id='line_1_26' title="bbox 120 3736 1232 3838; baseline 0 -25"><span class='ocrx_word' id='word_1_177' title='bbox 120 3744 155 3813; x_wconf 86' lang='lat' dir='ltr'><strong>et</strong></span> <span class='ocrx_word' id='word_1_178' title='bbox 180 3737 355 3816; x_wconf 87' lang='lat' dir='ltr'><strong>dicebaut</strong></span> <span class='ocrx_word' id='word_1_179' title='bbox 382 3745 509 3815; x_wconf 88' lang='lat' dir='ltr'><strong>nostra</strong></span> <span class='ocrx_word' id='word_1_180' title='bbox 536 3761 654 3837; x_wconf 88' lang='lat' dir='ltr'><strong>pars:</strong></span> <span class='ocrx_word' id='word_1_181' title='bbox 679 3736 737 3838; x_wconf 84' lang='lat'><strong>„0</strong></span> <span class='ocrx_word' id='word_1_182' title='bbox 765 3761 835 3816; x_wconf 89' lang='lat' dir='ltr'><strong>vos</strong></span> <span class='ocrx_word' id='word_1_183' title='bbox 861 3738 1081 3814; x_wconf 86' lang='lat' dir='ltr'><strong>traditores!</strong></span> <span class='ocrx_word' id='word_1_184' title='bbox 1112 3761 1133 3814; x_wconf 92' lang='lat' dir='ltr'><strong>o</strong></span> <span class='ocrx_word' id='word_1_185' title='bbox 1162 3760 1232 3814; x_wconf 87' lang='lat' dir='ltr'><strong>vos</strong></span> 
     </span>
     <span class='ocr_line' id='line_1_27' title="bbox 122 3862 1231 3964; baseline -0.002 -23"><span class='ocrx_word' id='word_1_186' title='bbox 122 3865 258 3964; x_wconf 84' lang='lat' dir='ltr'><strong>perjuri</strong></span> <span class='ocrx_word' id='word_1_187' title='bbox 277 3869 316 3940; x_wconf 88' lang='lat' dir='ltr'><strong>et</strong></span> <span class='ocrx_word' id='word_1_188' title='bbox 333 3862 523 3944; x_wconf 84' lang='lat' dir='ltr'><strong>infideles!</strong></span> <span class='ocrx_word' id='word_1_189' title='bbox 545 3887 612 3942; x_wconf 92' lang='lat' dir='ltr'><strong>cur</strong></span> <span class='ocrx_word' id='word_1_190' title='bbox 626 3866 821 3944; x_wconf 89' lang='lat' dir='ltr'><strong>nobiscum</strong></span> <span class='ocrx_word' id='word_1_191' title='bbox 840 3873 878 3942; x_wconf 90' lang='lat' dir='ltr'><strong>et</strong></span> <span class='ocrx_word' id='word_1_192' title='bbox 895 3865 1231 3944; x_wconf 88' lang='lat' dir='ltr'><strong>adversumoontra</strong></span> 
     </span>
     <span class='ocr_line' id='line_1_28' title="bbox 125 3989 1231 4100; baseline -0.001 -32"><span class='ocrx_word' id='word_1_193' title='bbox 125 3989 262 4088; x_wconf 78' lang='lat' dir='ltr'><strong>Regem</strong></span> <span class='ocrx_word' id='word_1_194' title='bbox 289 3989 441 4091; x_wconf 88' lang='lat' dir='ltr'><strong>Majest.</strong></span> <span class='ocrx_word' id='word_1_195' title='bbox 469 3990 696 4100; x_wconf 79' lang='lat' dir='ltr'><strong>pugnatis?“</strong></span> <span class='ocrx_word' id='word_1_196' title='bbox 718 3993 803 4090; x_wconf 82' lang='lat' dir='ltr'><strong>Ego</strong></span> <span class='ocrx_word' id='word_1_197' title='bbox 822 4015 983 4092; x_wconf 92' lang='lat' dir='ltr'><strong>nemppe</strong></span> <span class='ocrx_word' id='word_1_198' title='bbox 1000 3991 1231 4092; x_wconf 79' lang='lat' dir='ltr'><strong>aspiciebam</strong></span> 
     </span>
     <span class='ocr_line' id='line_1_29' title="bbox 126 4121 1231 4221; baseline 0.003 -29"><span class='ocrx_word' id='word_1_199' title='bbox 126 4124 223 4200; x_wconf 79' lang='lat' dir='ltr'><strong>stam</strong></span> <span class='ocrx_word' id='word_1_200' title='bbox 249 4125 364 4221; x_wconf 81' lang='lat' dir='ltr'><strong>&#39;super</strong></span> <span class='ocrx_word' id='word_1_201' title='bbox 382 4142 448 4198; x_wconf 92' lang='lat' dir='ltr'><strong>eos</strong></span> <span class='ocrx_word' id='word_1_202' title='bbox 465 4121 505 4197; x_wconf 93' lang='lat' dir='ltr'><strong>in</strong></span> <span class='ocrx_word' id='word_1_203' title='bbox 524 4121 746 4217; x_wconf 63' lang='lat' dir='ltr'><strong>maniculo,</strong></span> <span class='ocrx_word' id='word_1_204' title='bbox 776 4127 815 4198; x_wconf 90' lang='lat' dir='ltr'><strong>et</strong></span> <span class='ocrx_word' id='word_1_205' title='bbox 841 4121 905 4198; x_wconf 92' lang='lat' dir='ltr'><strong>isti</strong></span> <span class='ocrx_word' id='word_1_206' title='bbox 932 4126 1119 4198; x_wconf 88' lang='lat' dir='ltr'><strong>nostrates</strong></span> <span class='ocrx_word' id='word_1_207' title='bbox 1145 4142 1231 4219; x_wconf 91' lang='lat' dir='ltr'><strong>pre·</strong></span> 
     </span>
     <span class='ocr_line' id='line_1_30' title="bbox 125 4245 1228 4349; baseline 0.005 -33"><span class='ocrx_word' id='word_1_208' title='bbox 125 4247 317 4326; x_wconf 82' lang='lat' dir='ltr'><strong>valuerunt</strong></span> <span class='ocrx_word' id='word_1_209' title='bbox 337 4270 424 4345; x_wconf 90' lang='lat' dir='ltr'><strong>eos,</strong></span> <span class='ocrx_word' id='word_1_210' title='bbox 445 4255 482 4324; x_wconf 90' lang='lat' dir='ltr'><strong>et</strong></span> <span class='ocrx_word' id='word_1_211' title='bbox 499 4253 764 4349; x_wconf 75' lang='lat' dir='ltr'><strong>prestauerunt</strong></span> <span class='ocrx_word' id='word_1_212' title='bbox 792 4270 869 4326; x_wconf 90' lang='lat' dir='ltr'><strong>eos.</strong></span> <span class='ocrx_word' id='word_1_213' title='bbox 898 4247 1041 4324; x_wconf 86' lang='lat' dir='ltr'><strong>Milites</strong></span> <span class='ocrx_word' id='word_1_214' title='bbox 1068 4245 1228 4346; x_wconf 84' lang='lat' dir='ltr'><strong>predicti</strong></span> 
     </span>
     <span class='ocr_line' id='line_1_31' title="bbox 127 4371 1231 4475; baseline -0.003 -22"><span class='ocrx_word' id='word_1_215' title='bbox 127 4371 345 4454; x_wconf 79' lang='lat' dir='ltr'><strong>Artsndonis</strong></span> <span class='ocrx_word' id='word_1_216' title='bbox 362 4375 471 4454; x_wconf 85' lang='lat' dir='ltr'><strong>unios</strong></span> <span class='ocrx_word' id='word_1_217' title='bbox 490 4382 665 4475; x_wconf 90' lang='lat' dir='ltr'><strong>quattuor</strong></span> <span class='ocrx_word' id='word_1_218' title='bbox 684 4375 823 4454; x_wconf 89' lang='lat' dir='ltr'><strong>milites</strong></span> <span class='ocrx_word' id='word_1_219' title='bbox 833 4376 1024 4455; x_wconf 87' lang='lat' dir='ltr'><strong>sauciatos</strong></span> <span class='ocrx_word' id='word_1_220' title='bbox 1041 4373 1081 4450; x_wconf 91' lang='lat' dir='ltr'><strong>in</strong></span> <span class='ocrx_word' id='word_1_221' title='bbox 1099 4373 1231 4450; x_wconf 88' lang='lat' dir='ltr'><strong>loricis</strong></span> 
     </span>
     <span class='ocr_line' id='line_1_32' title="bbox 129 4491 1231 4623; baseline -0.004 -45"><span class='ocrx_word' id='word_1_222' title='bbox 129 4500 198 4578; x_wconf 88' lang='lat' dir='ltr'><strong>suis</strong></span> <span class='ocrx_word' id='word_1_223' title='bbox 213 4507 476 4602; x_wconf 85' lang='lat' dir='ltr'><strong>presentarunt</strong></span> <span class='ocrx_word' id='word_1_224' title='bbox 493 4491 620 4623; x_wconf 63' lang='lat' dir='ltr'><strong>Regia</strong></span> <span class='ocrx_word' id='word_1_225' title='bbox 638 4501 832 4602; x_wconf 87' lang='lat' dir='ltr'><strong>Majestati</strong></span> <span class='ocrx_word' id='word_1_226' title='bbox 850 4501 899 4580; x_wconf 93' lang='lat' dir='ltr'><strong>ad</strong></span> <span class='ocrx_word' id='word_1_227' title='bbox 915 4503 1075 4602; x_wconf 90' lang='lat' dir='ltr'><strong>rippam.</strong></span> <span class='ocrx_word' id='word_1_228' title='bbox 1105 4499 1158 4576; x_wconf 90' lang='lat' dir='ltr'><strong>Et</strong></span> <span class='ocrx_word' id='word_1_229' title='bbox 1175 4497 1231 4575; x_wconf 90' lang='lat' dir='ltr'><strong>di·</strong></span> 
     </span>
     <span class='ocr_line' id='line_1_33' title="bbox 133 4625 1233 4730; baseline -0.002 -28"><span class='ocrx_word' id='word_1_230' title='bbox 133 4636 253 4706; x_wconf 82' lang='lat' dir='ltr'><strong>xemnt</strong></span> <span class='ocrx_word' id='word_1_231' title='bbox 280 4629 402 4729; x_wconf 78' lang='lat' dir='ltr'><strong>Regia</strong></span> <span class='ocrx_word' id='word_1_232' title='bbox 430 4629 642 4730; x_wconf 86' lang='lat' dir='ltr'><strong>Majestatis</strong></span> <span class='ocrx_word' id='word_1_233' title='bbox 669 4629 784 4707; x_wconf 88' lang='lat' dir='ltr'><strong>aulici</strong></span> <span class='ocrx_word' id='word_1_234' title='bbox 810 4631 869 4709; x_wconf 90' lang='lat' dir='ltr'><strong>sui</strong></span> <span class='ocrx_word' id='word_1_235' title='bbox 883 4625 899 4706; x_wconf 74' lang='lat' dir='ltr'><strong>&#39;c</strong></span> <span class='ocrx_word' id='word_1_236' title='bbox 922 4626 1015 4728; x_wconf 84' lang='lat' dir='ltr'><strong>„Isti</strong></span> <span class='ocrx_word' id='word_1_237' title='bbox 1041 4625 1233 4704; x_wconf 90' lang='lat' dir='ltr'><strong>nobiscum</strong></span> 
     </span>
    </p>
   </div>
   <div class='ocr_carea' id='block_1_5' title="bbox 135 4749 1234 4856">
    <p class='ocr_par' dir='ltr' id='par_1_6' title="bbox 135 4749 1234 4856">
     <span class='ocr_line' id='line_1_34' title="bbox 135 4749 1234 4856; baseline -0.002 -23"><span class='ocrx_word' id='word_1_238' title='bbox 135 4749 270 4836; x_wconf 84' lang='lat' dir='ltr'><strong>insimul</strong></span> <span class='ocrx_word' id='word_1_239' title='bbox 299 4757 454 4838; x_wconf 77' lang='lat' dir='ltr'><strong>exibam</strong></span> <span class='ocrx_word' id='word_1_240' title='bbox 471 4755 518 4834; x_wconf 91' lang='lat' dir='ltr'><strong>dc</strong></span> <span class='ocrx_word' id='word_1_241' title='bbox 535 4763 684 4848; x_wconf 87' lang='lat' dir='ltr'><strong>castore</strong></span> <span class='ocrx_word' id='word_1_242' title='bbox 710 4756 924 4856; x_wconf 85' lang='lat' dir='ltr'><strong>Majcstatis</strong></span> <span class='ocrx_word' id='word_1_243' title='bbox 951 4756 1108 4854; x_wconf 78' lang='lat' dir='ltr'><strong>Vestes,</strong></span> <span class='ocrx_word' id='word_1_244' title='bbox 1136 4749 1234 4854; x_wconf 86' lang='lat' dir='ltr'><strong>quod</strong></span> 
     </span>
    </p>
   </div>
   <div class='ocr_carea' id='block_1_6' title="bbox 0 0 1629 5220">
    <p class='ocr_par' dir='ltr' id='par_1_7' title="bbox 0 0 1629 5220">
     <span class='ocr_line' id='line_1_35' title="bbox 0 0 1629 5220; baseline 0 0"><span class='ocrx_word' id='word_1_245' title='bbox 0 0 1629 5220; x_wconf 95' lang='lat' dir='ltr'><strong> </strong></span> 
     </span>
    </p>
   </div>
  </div>
 </body>
</html>
