3294 5208
1198 383 1251 463 23

139 612 203 664 sex
221 585 341 662 heras.
371 583 433 662 Ita
460 585 650 684 dilegehat
677 531 760 661 eum
789 585 884 682 Rex,
900 583 1010 682 quod
1029 609 1142 684 super
1170 609 1251 661 ear-

139 717 256 792 nalcm
275 716 429 790 fratrem
449 714 718 809 uendedisset3
747 722 875 790 etteta
893 715 1000 790 curia
1018 715 1252 790 admiraban-

138 854 205 938 tur,
242 841 341 938 quod
377 841 462 918 Rex
496 841 629 918 fuisset
664 841 704 916 in
740 861 877 936 magna
903 842 1005 916 male
1042 841 1191 916 fortuna
1216 847 1255 915 et

19 1031 20 1034 q
138 968 317 1066 Hungari,
347 967 397 1042 Et
423 967 567 1062 Regem
604 972 863 1060 occurrerunt,
901 973 940 1040 et
968 963 1111 1062 Regem
1139 967 1252 1042 valde

19 1125 20 1160 ³
137 1097 285 1174 maden.
314 1101 529 1191 arguerunt.
567 1094 774 1169 Dicebant:
818 1091 919 1190 „Our
956 1091 1041 1166 Tra
1069 1092 1253 1192 Majcstas
1347 1162 1350 1172 .

138 1245 202 1298 nos
229 1221 296 1296 wlt
321 1219 523 1318 perdere;“
566 1227 604 1294 et
630 1219 688 1296 sie
714 1219 760 1294 dc
788 1219 889 1296 aliis.
936 1217 1055 1295 Iblico
1092 1218 1175 1295 Rex
1194 1223 1253 1296 ira
1393 1277 1399 1290 ,

136 1349 325 1426 convictus
350 1347 451 1424 misit
476 1354 649 1444 quattuor
684 1348 804 1423 millia
830 1347 969 1424 milites
999 1347 1142 1444 equites
1169 1373 1252 1447 pre-

138 1477 243 1576 cipue
271 1474 460 1551 Raciauos
487 1497 598 1576 super
626 1476 788 1554 Vienam
813 1497 948 1571 urgen.
977 1497 1060 1548 cum
1097 1475 1185 1572 igne
1215 1481 1254 1548 ct

137 1626 215 1680 cum
233 1603 373 1700 gladio,
400 1603 624 1701 sanguinem
653 1603 837 1680 munden.
858 1603 1044 1698 inuocem,
1066 1603 1251 1682 continen.

138 1731 336 1827 religiosos
345 1731 430 1828 pari
447 1755 547 1830 pena
556 1731 771 1830 puniebant.
801 1726 931 1822 Quare
950 1730 1106 1827 clangor
1117 1753 1253 1828 magna

139 1860 231 1934 inter
249 1855 474 1936 Germanos.
505 1856 613 1950 Quod
632 1851 826 1935 audientes
845 1857 927 1934 heri
947 1858 1161 1936 Vieueuses
1178 1863 1253 1932 trc-

138 1993 316 2082 muerunt,
335 1993 374 2062 ct
391 1987 571 2064 miserunt
601 1989 715 2064 alium
734 1988 900 2086 legatum
919 1985 969 2062 ad
988 1985 1143 2081 Regem,
1165 1985 1253 2082 quia

139 2111 368 2210 Cheroubim,
397 2121 553 2191 excusat
587 2139 642 2209 se,
680 2115 779 2213 quod
800 2138 874 2190 nou
911 2138 958 2188 ex
995 2113 1155 2189 consilio
1184 2132 1252 2187 suo

140 2241 313 2336 effl'ssent,
352 2265 398 2315 ac
433 2242 666 2318 nescivisset.
706 2243 758 2317 Et
793 2242 947 2340 insuper
975 2263 1058 2316 mox
1098 2239 1254 2314 intravit

140 2365 372 2462 Cherozlaw,
393 2373 431 2442 ct
449 2367 583 2443 terruit
590 2367 701 2444 valde
720 2366 879 2444 traditor
898 2368 1010 2442 heros
1029 2366 1251 2458 Vieueuses‚

19 2471 20 2560 Ῐ
141 2494 235 2592 qued
261 2494 346 2570 Rex
369 2495 494 2592 jussit,
514 2501 554 2570 ut
573 2495 687 2570 Turei
714 2495 867 2570 veniant
886 2493 934 2569 ad
962 2491 1252 2590 depredandum,

19 2659 20 2698 ι
140 2629 174 2695 et
200 2621 475 2720 promisserunt
501 2621 691 2719 civitatem
710 2622 808 2718 Regi
826 2622 897 2697 sub
915 2621 984 2695 tali
1016 2619 1138 2694 forma
1166 2616 1253 2690 fidei

140 2746 264 2844 Regis,
293 2754 334 2822 ut
353 2747 456 2847 ipsos
485 2746 697 2825 Germanos
716 2749 887 2824 incivile
912 2747 1012 2845 juris
1032 2747 1252 2821 observaret

141 2898 211 2969 ecs,
238 2881 277 2950 et
305 2874 379 2973 ipsi
411 2877 664 2973 juramentum
692 2876 861 2954 iecerunt
888 2873 1046 2974 sepcies.
1093 2869 1254 2944 Intravit

141 3000 232 3097 Rex,
252 3000 318 3076 sed
335 3001 551 3100 priusquam
570 3001 828 3079 thesaurarius
848 2999 1064 3102 Stephanus
1076 2994 1111 3100 *)
1130 3019 1252 3074 arcem

141 3129 320 3228 conperit,
350 3135 389 3205 et
415 3129 551 3226 omnia,
590 3151 663 3228 que
691 3130 731 3204 iu
759 3153 805 3205 ea
842 3134 950 3206 eraut
982 3125 1081 3204 areis
1117 3125 1252 3222 promi-

142 3263 266 3332 scrunt
292 3263 395 3334 stare
422 3256 472 3332 ad
488 3256 627 3334 victum
647 3265 685 3334 ct
702 3256 752 3332 ad
770 3253 1051 3334 defendendum.
1081 3253 1133 3328 Et
1151 3253 1253 3352 prin-

142 3382 309 3482 cipaliter
335 3383 532 3462 officialem
569 3383 760 3462 constituit
790 3363 879 3460 'Rex
906 3379 1138 3480 Stephanum
1174 3377 1254 3452 the-

142 3511 358 3589 saurarium.
442 3605 445 3610 Ι

243 3639 295 3714 Et
312 3636 444 3714 eodem
462 3637 523 3714 die
540 3659 743 3738 percussus
769 3643 852 3712 erat
877 3630 1018 3710 Aiibek
1045 3630 1193 3706 Turnus
1216 3631 1255 3705 in

144 3763 407 3844 Transilvania
422 3764 491 3864 pcr'
520 3751 678 3840 Paulum
707 3762 835 3839 Kinisi
862 3784 946 3836 cum
966 3757 1160 3858 Stephano
1180 3757 1254 3832 Ba-

146 3893 211 3968 tcri
239 3899 276 3967 et
303 3888 531 3993 desponsi}
565 3899 603 3968 et
628 3891 760 3970 Jaksit
790 3911 873 3964 eum
901 3886 981 3964 suis
1009 3884 1185 3978 catervis,
1218 3887 1256 3956 et

151 4017 502 4116 Alpinus'Bezcrad
530 4015 709 4120 vaida**)
728 4023 766 4094 et
782 4012 1055 4092 famosissimus
1082 4009 1140 4085 vir
1176 4007 1254 4084 Sci·

148 4144 234 4222 ticus
251 4144 417 4221 Michacl
437 4145 614 4246 Pettkay.

250 4271 419 4370 Vterque
465 4271 585 4354 Cesar
630 4269 792 4348 deuincti
829 4273 935 4346 eraut
971 4288 1038 4366 per
1074 4259 1256 4340 Mathiam

148 4393 292 4496 regem.

177 4559 207 4672 ζ)
219 4609 296 4666 Anu
308 4607 441 4681 Zipolya
454 4606 563 4664 Istvhn.

180 4697 228 4766 ”t
241 4699 323 4757 Am
335 4699 469 4756 uuum
481 4695 677 4754 havualtcrui
693 4693 788 4764 nida.
