3260 5226
1152 445 1230 526 381

112 667 256 738 ensem,
277 666 363 721 mox
373 643 581 742 potuissent
599 644 750 736 intrare,
770 643 836 719 sed
849 641 955 720 tarde
965 644 1102 721 soliciti
1113 655 1231 724 eraut.

113 769 160 846 Iu
189 771 324 870 quibus
361 771 488 849 verbis
524 770 617 847 meis
653 771 845 868 responsis
881 769 1068 848 dubitaret
1094 771 1234 849 Vestra

115 895 320 996 Majestas,
339 896 401 972 hic
421 895 570 974 Tuscus
587 917 681 974 vuus
700 897 876 997 vayuoda
892 897 1070 997 princeps
1089 893 1232 974 'Furca-

116 1047 197 1102 rum
216 1026 392 1122 gentibus
419 1025 643 1102 constitutus
662 1025 779 1100 erat.“
812 1025 863 1099 Et
887 1023 1034 1101 Turous
1060 1024 1234 1124 vayuoda

119 1149 223 1227 Petri
241 1151 361 1252 Priuy
378 1153 497 1229 verba
515 1151 679 1228 saluauit
706 1173 831 1228 coram
850 1149 956 1248 Rege
974 1157 1012 1225 et
1030 1173 1155 1228 coram
1174 1175 1233 1227 ar-

119 1279 261 1356 biteris.
300 1277 420 1371 Quum
454 1279 525 1356 hec
550 1279 696 1355 audien.
737 1277 818 1356 Rex
855 1276 1113 1355 Ferdiuaudus
1149 1299 1234 1377 pro·

119 1405 273 1481 testauit
298 1427 424 1483 coram
456 1405 630 1483 arbiteris
658 1413 695 1480 et
722 1427 847 1480 coram
871 1403 1088 1500 judicibus:
1113 1403 1235 1500 ,Ecce

119 1530 312 1608 coufessus
330 1537 389 1608 est
407 1539 528 1608 etuou
539 1531 693 1629 negauit
712 1529 963 1631 prodiciouem
983 1554 1089 1607 suam
1106 1537 1236 1607 coutra

118 1659 187 1734 toti
207 1655 554 1754 christianitatem
584 1681 674 1756 ergo
694 1658 827 1752 Petre,
853 1682 927 1734 uou
946 1683 1050 1736 mous
1069 1657 1236 1758 captiuus

119 1783 188 1860 sec
204 1786 327 1863 eoum
345 1767 655 1864 cresconides.
685 1787 744 1864 ue
764 1785 878 1882 mour,
899 1787 1030 1882 Petra,
1060 1785 1157 1884 quos
1177 1808 1235 1862 se-

119 1909 256 1990 ductus
273 1913 413 2012 iui'per
431 1921 489 2009 te,
519 1919 556 1990 et
575 1935 656 1990 sum
683 1934 920 2009 persuaseus
948 1936 1016 2012 per
1044 1911 1236 1990 consilium

119 2039 296 2116 iussurum
313 2047 437 2134 tuum3
452 2041 542 2138 quia
561 2063 630 2138 ego
649 2061 717 2138 per
735 2047 772 2114 te
792 2023 952 2137 spoliani
971 2037 1143 2136 Regnum
1162 2039 1235 2114 Bo·

120 2165 269 2261 bemie3
299 2175 337 2242 et
355 2167 517 2266 spoliaui
545 2173 659 2244 totam
689 2165 869 2262 Slesiam3
890 2175 926 2242 et
944 2167 1105 2266 spoliani
1122 2173 1238 2244 totam

123 2291 359 2389 Morauiam3
399 2301 436 2368 et
462 2295 626 2392 spoliani
660 2301 774 2370 totam
812 2293 1011 2371 Austriam.
1050 2292 1126 2369 Hic
1165 2293 1238 2370 ista

122 2427 322 2519 prenotata
349 2445 475 2500 coram
513 2423 621 2501 vobis
653 2422 844 2520 judicibus
881 2444 963 2499 cum
990 2421 1175 2521 permulta
1202 2429 1240 2494 et

122 2547 335 2646 sepissimis
351 2546 637 2628 thaxaoioniuus
656 2571 853 2640 censuum,
884 2547 982 2648 quod
1009 2547 1134 2624 decies
1153 2569 1238 2622 ceu-

122 2683 213 2750 teua
231 2675 356 2752 miliae
374 2677 527 2753 markas
555 2675 712 2776 exposui
731 2685 861 2753 contra
880 2675 1023 2773 Regem
1042 2673 1239 2768 Joauuem,

124 2811 163 2878 et
188 2801 229 2878 iu
256 2803 383 2880 multis
408 2805 592 2881 versuciis
628 2783 847 2880 insidiarum
877 2803 977 2879 mala
1005 2823 1152 2900 semper
1180 2823 1237 2874 me

125 2927 359 3006 suadebant
392 2927 457 3005 Ait
484 2930 649 3007 Petrus:
674 2927 738 3028 ,Si
767 2952 837 3026 ego
869 2928 1036 3006 suadere
1065 2927 1240 3005 Vestram

131 3053 391 3152 Majestatem,
421 3056 597 3155 numquid
624 3059 662 3132 vi
680 3057 753 3133 mei
781 3055 1004 3168 compellere
1040 3053 1243 3153 potuissem

127 3179 304 3259 Vestram
323 3181 572 3280 Majestatem.
601 3183 648 3260 Iu
666 3185 797 3262 diebus
822 3185 899 3260 illis
918 3190 1000 3262 erat
1012 3181 1184 3280 juueuis,
1206 3187 1243 3255 et

130 3329 200 3404 ego
219 3329 302 3384 cum
317 3309 456 3406 juueue
475 3311 549 3385 mei
568 3311 727 3388 cousilio
748 3310 944 3387 consiliaui
964 3309 1141 3388 Vestram
1161 3305 1242 3382 Ma-

127 3436 312 3532 jestatem,
335 3443 432 3510 rtue
451 3458 619 3514 essemus
637 3437 707 3514 sub
728 3436 1003 3533 gubernacioue
1021 3435 1240 3511 ettuicorum

131 3564 347 3659 perpetue.“
375 3561 508 3658 ,Nouo
528 3569 630 3639 esset
647 3563 740 3639 felix
759 3561 968 3660 Brugetia,
988 3569 1026 3636 et
1042 3561 1135 3636 felix
1146 3557 1242 3637 Ger·

131 3687 275 3783 mauis,
301 3687 371 3764 hec
390 3688 515 3765 aiebat
532 3687 614 3765 Rex
643 3687 922 3779 Feminarum,
953 3688 1101 3788 quodsi
1121 3687 1240 3764 cousi·

130 3815 221 3890 lium
250 3814 477 3912 accepissem
514 3813 633 3910 Regis
667 3814 861 3892 Joauuis.“
906 3818 951 3890 Et
987 3821 1163 3890 econtra
1190 3815 1243 3890 ait

132 3941 265 4018 Petrus
285 3969 294 4015 ε
318 3943 443 4038 ,Vere
461 3941 644 4041 Majestaa
664 3966 722 4018 me
741 3967 832 4042 sepe
848 3944 1007 4036 tutebat,
1029 3940 1126 4040 quod
1145 3939 1241 4017 Tur-

130 4091 196 4146 cos
214 4090 430 4168 expugnare
456 4067 549 4145 lecit
568 4091 651 4145 cum
677 4068 880 4148 Germanis
907 4069 1006 4146 vltra
1027 4087 1147 4164 mare;
1174 4091 1243 4145 uos

131 4191 302 4292 Huugari
320 4195 391 4271 hee
419 4195 662 4274 audiebamus
688 4199 980 4294 gratulabamur.
1010 4195 1111 4292 Ergo
1140 4195 1241 4292 quic-

131 4321 217 4418 quid
234 4327 425 4420 potueram
451 4323 618 4402 totaliter
645 4323 784 4400 milites
804 4323 1008 4420 Huugaros
1027 4331 1066 4398 et
1084 4319 1240 4398 Traeis-

132 4469 201 4525 uoe
219 4446 466 4548 deducebam,
487 4473 532 4526 ac
550 4451 730 4528 adherere
759 4451 940 4528 conabam
968 4471 1033 4526 eos
1051 4471 1143 4545 erga
1161 4446 1241 4524 Ma-

128 4577 302 4670 jestatem
331 4575 526 4668 Vestram,
547 4585 587 4652 vt
604 4579 813 4673 gubernare
833 4581 979 4675 poteret
1001 4574 1144 4652 Vestra
1162 4571 1242 4648 Ma·

128 4703 259 4800 justas.
289 4699 389 4794 Quia
416 4705 450 4778 si
478 4725 549 4799 ego
587 4705 723 4782 malum
760 4729 803 4780 ac
841 4705 1011 4780 iusauum
1049 4699 1242 4778 consilium
