3238 5228
1115 513 1195 594 245

25 737 26 820 y
102 707 300 806 nagnifiens
311 711 537 789 Valentinus
546 710 695 790 Turnus
713 712 870 812 preeipit
887 713 1030 790 referre
1046 733 1193 792 rursum

102 837 272 935 idajestati
290 838 439 935 Vestro,
459 841 631 916 uolumus
649 839 1189 938 redderevsqneadmortem.“

189 964 238 1040 Et
254 965 340 1042 Rex
358 966 429 1042 heo
443 968 524 1065 jum
542 968 715 1044 senciens
733 989 820 1042 mox
838 966 940 1043 misit
956 990 1024 1066 pro
1033 967 1193 1064 ingeniis

100 1090 138 1164 ad
160 1089 335 1192 Lippam‚
366 1099 406 1166 vt
433 1115 542 1190 quum
571 1095 644 1170 eito
671 1100 837 1192 portaret
860 1094 930 1170 sub
950 1117 1073 1170 aroem
1091 1093 1192 1172 The-

25 1213 26 1230 *
99 1240 259 1314 neowan,
288 1219 377 1316 quia
403 1220 521 1296 vellet
548 1221 717 1298 obsidere
744 1226 922 1316 tanquam
938 1244 1006 1319 per
1024 1219 1194 1298 infideles

25 1417 26 1470 ἰ
98 1365 204 1418 arcem
221 1344 560 1422 Themeswarien..
583 1347 635 1422 Et
652 1344 1193 1445 preoeperatoffioialibussuis

25 1481 26 1560 J
98 1468 137 1542 ad
151 1469 305 1570 Lippam
323 1470 469 1567 taliter,
499 1471 566 1547 sed
587 1473 666 1569 jam
691 1470 866 1547 offleialis
884 1471 1101 1570 principalis
1120 1470 1192 1548 Bo·
1353 1518 1358 1528 ·

25 1695 26 1698 Ν
98 1604 161 1696 sytt
177 1595 320 1673 Radioh
338 1596 548 1674 Traoianus
572 1605 740 1676 mortuus
759 1603 851 1694 erat,
871 1597 957 1672 dum
974 1596 1096 1672 adhue
1113 1598 1191 1674 fue-

98 1746 205 1800 ramus
223 1725 261 1800 in
281 1723 451 1800 Polouia.
481 1723 556 1802 Sed
572 1725 612 1800 in
630 1726 756 1823 speeie
773 1746 975 1821 germanus
994 1728 1075 1824 ejus
1093 1720 1191 1826 (Ste-

25 1843 26 1846 ‘
97 1849 238 1954 phanus)
266 1851 438 1927 Balintitt
456 1851 665 1928 Traeiauus
692 1853 925 1948 gubernabat
950 1874 1058 1928 areos
1086 1851 1190 1946 duas,

25 2045 26 2064 Ν
99 1976 257 2054 videlieet
274 1976 425 2054 Solmus
443 1984 481 2054 et
498 1977 671 2077 Lippam.
692 1978 744 2054 Et
761 2002 843 2055 uum
861 2001 1047 2056 murmuro
1057 2001 1192 2076 magno

25 2065 26 2100 Ν
100 2101 174 2200 ²²·s'·
201 2105 337 2182 redidit
361 2105 496 2180 duoere
527 2105 596 2181 sub
625 2105 881 2184 Themeswar.
910 2105 970 2182 Ita
993 2108 1072 2204 jam
1089 2113 1192 2182 tene·

25 2219 26 2236 ¹
99 2229 175 2306 bant
192 2254 272 2308 eum
290 2230 434 2328 Regem
462 2230 648 2308 Joannem
674 2239 852 2330 tanquam
880 2231 1047 2310 sodalem
1074 2254 1192 2324 suum,

98 2363 126 2429 et
138 2357 193 2434 nil
209 2358 388 2436 serebant
406 2357 451 2432 de
471 2358 563 2456 ipso.

192 2484 240 2559 Et
259 2504 371 2582 quum
390 2484 556 2560 audisset
583 2483 686 2580 Rex,
715 2485 815 2582 quod
836 2486 916 2582 jam
943 2485 1098 2581 ingenia
1123 2507 1192 2562 sua

25 2685 26 2688 i
98 2610 195 2687 missa
209 2611 372 2687 fuissent
390 2631 482 2706 erga
501 2633 604 2707 eum,
633 2612 722 2688 ilioo
748 2611 793 2686 de
812 2609 973 2687 Ohanad
991 2611 1090 2688 inira
1108 2633 1190 2686 ver·

25 2811 26 2814 i
98 2758 150 2811 sus
162 2735 401 2813 Themeswar
419 2737 621 2834 deseendit,
642 2745 680 2812 et
697 2738 820 2813 iuvna
838 2738 933 2812 villa
951 2736 1075 2837 Hetys
1093 2735 1189 2812 Tra·

25 2847 26 2926 i
99 2863 189 2939 ciana
221 2863 484 2941 deeubauimus
520 2887 618 2941 nono
657 2864 800 2940 ealeud.
838 2863 1043 2940 decembris
1071 2861 1193 2939 adhue

97 2987 313 3068 aun01528.
341 2989 390 3065 Et
408 2990 447 3066 in
465 2991 560 3068 villa
585 2991 752 3090 predicta
779 2992 1003 3069 manssimus
1028 2991 1191 3089 quinque

99 3114 207 3194 diebus
224 3125 262 3194 et
280 3117 444 3216 quinque
472 3117 654 3196 noctibus.
684 3119 736 3194 Et
758 3125 838 3194 erat
865 3117 948 3193 Rex
961 3113 1071 3215 juxta
1089 3116 1190 3193 The·

100 3265 236 3323 mesnar
262 3268 338 3320 vna
365 3244 548 3340 miliaria,
575 3251 613 3320 et
639 3245 871 3341 legacionem
890 3246 1015 3321 nullus
1033 3242 1192 3322 audebat

100 3372 246 3471 recipere
275 3369 457 3449 aduersus
485 3371 731 3448 Themeswar
756 3372 823 3448 ire.
853 3369 1092 3449 Solummodo
1110 3377 1192 3447 erat

100 3519 176 3575 snus
209 3498 414 3596 Hungarns
450 3500 631 3597 paruulus
676 3498 785 3574 Blasi
821 3495 1006 3574 Arthaudi
1042 3495 1191 3573 nomine

100 3619 234 3723 Thidw,
256 3633 294 3701 et
312 3625 394 3724 ipso
422 3626 568 3703 litteras
597 3625 636 3701 in
663 3649 738 3701 vna
755 3625 928 3721 legatnra
946 3623 992 3700 de
1009 3645 1124 3723 puero
1143 3621 1190 3698 ad

100 3748 337 3831 Themeswar.
367 3753 419 3829 Et
437 3777 520 3830 eum
537 3761 693 3830 venerat
719 3755 898 3852 parvulus
917 3754 999 3831 sine
1016 3753 1115 3830 bona
1132 3775 1189 3829 re-

101 3877 234 3978 lacione,
255 3903 343 3957 mox
362 3879 443 3958 Rex
463 3881 578 3958 mouit
596 3905 638 3958 se
657 3903 740 3957 oum
759 3881 989 3958 auditoribus
1008 3879 1104 3974 suis,
1124 3877 1191 3956 sed

102 4007 195 4100 pune
222 4007 379 4106 ingenia
406 4030 475 4086 sua
493 4032 514 4082 e
534 4007 642 4085 Gima
669 4008 850 4085 adversus
877 4005 1036 4106 Lippam
1054 4005 1190 4103 dirige·

102 4129 166 4231 hat,
184 4143 220 4211 et
236 4136 409 4212 venimus
436 4158 506 4212 nos
524 4134 574 4210 ad
592 4135 815 4211 dominicum
833 4133 931 4210 diem
950 4134 989 4209 in
1008 4133 1190 4210 aduenstn

103 4257 240 4340 Domini.
262 4264 314 4340 Et
332 4264 386 4338 ibi
404 4262 488 4338 Rex
505 4263 675 4339 recubuit
695 4319 703 4358 ‚
724 4268 762 4336 et
778 4269 894 4338 totum
913 4260 1113 4338 aduentum
1131 4283 1191 4336 ee-

101 4383 223 4468 iebrare
242 4390 493 4470 solennizanit
510 4412 628 4488 nsque
647 4387 697 4464 ad
714 4388 948 4464 natiuitatem
967 4385 1131 4463 Domini.

188 4517 473 4594 utP010nioam
492 4539 587 4612 gens
605 4513 716 4592 valde
735 4499 842 4592 erant
854 4516 934 4614 jam
952 4511 1117 4611 opulenti
1125 4535 1192 4610 per

105 4659 211 4719 nanus
235 4665 341 4720 suam
369 4641 685 4742 depredacionem.
715 4641 836 4718 Erant
858 4642 936 4737 jam
963 4645 1106 4714 tantum
1124 4637 1189 4712 tri·

106 4773 192 4844 centa
207 4771 283 4848 iere
301 4770 486 4870 peditum,
521 4770 695 4870 quoniam
713 4768 780 4846 alii
798 4767 904 4844 multi
923 4766 1059 4846 saltum
1075 4763 1190 4842 faeie·
