3248 5210
1167 495 1219 576 61

119 711 190 781 tere
212 701 326 780 misse
351 707 460 780 erant
485 699 535 776 ad
554 695 761 796 Georgium
780 695 967 794 Siculum,
1006 704 1044 772 et
1070 696 1111 774 iu
1138 721 1218 775 ma·

118 833 216 908 nibus
233 831 348 908 allate
367 835 474 906 erant
490 827 688 928 perlegere
697 824 788 900 feeit
802 847 870 902 suo
880 822 1027 900 notario
1037 824 1218 923 predicto.

23 1039 24 1042 t
119 958 228 1050 Quum
250 962 330 1056 jam
358 956 558 1034 interisset
585 953 817 1029 dominorum
843 951 1054 1050 principum
1073 951 1220 1028 nollen-

23 1117 24 1130 ³
118 1085 202 1162 eiam
221 1107 346 1161 eorum
357 1081 655 1176 contraductis,
675 1079 884 1178 sedpooius
903 1083 1033 1154 contra
1051 1085 1221 1155 sanctam

23 1293 24 1296 g
119 1233 252 1287 erucem
277 1211 421 1287 vellent
447 1209 580 1309 pocius
604 1209 836 1305 inpugnare:
865 1205 1056 1303 quiajam
1083 1206 1221 1302 viginti

23 1405 24 1408 t
119 1337 215 1413 milia
232 1337 399 1414 virumn
423 1337 588 1412 habebat
614 1335 684 1410 sub
716 1355 777 1428 se,
815 1333 871 1408 nil
897 1334 1063 1410 terrebat
1090 1340 1221 1410 contra

23 1511 24 1538 r
119 1462 283 1540 dominos.
339 1462 497 1538 Interim
526 1460 631 1536 venit
657 1479 754 1535 vnus
781 1459 959 1536 sacerdos
986 1459 1221 1538 Laurcneius

119 1591 253 1665 nomine
280 1611 365 1665 eum
392 1609 530 1684 magna
558 1594 711 1663 caterua
740 1582 857 1689 (plue)
877 1608 988 1684 quam
1015 1587 1086 1664 duo
1115 1587 1234 1694 mili?

23 1807 24 1810 Ν
119 1701 316 1812 hominurn;
354 1722 392 1792 et
417 1717 514 1792 alter
548 1714 654 1790 venit
681 1734 777 1788 unns
814 1714 1037 1791 scolasticus
1071 1715 1221 1791 nomine

23 1887 24 1936 3
119 1841 319 1942 Stephanus
348 1837 595 1944 Balognwlv·
624 1861 708 1916 oum
735 1839 905 1916 tricentis
932 1841 1144 1940 peditibus,
1184 1848 1222 1917 et

118 1969 190 2066 ipse
207 1993 288 2045 cum
306 1976 419 2066 gente
437 1990 507 2046 sna
525 1969 624 2044 iutro
643 1990 685 2043 se
703 1967 826 2064 ipsum
845 1966 1046 2043 denotauit.
1076 1967 1128 2042 Et
1140 1971 1222 2066 jem

23 2091 24 2162 l
120 2093 293 2199 Georgius
321 2096 438 2171 mouit
464 2093 584 2170 aciem
611 2115 717 2170 suam
745 2093 794 2168 ad
818 2091 959 2194 Gywla
981 2097 1091 2193 juxta
1119 2093 1221 2172 Orisi

118 2219 192 2318 lni3
220 2224 314 2298 etin
332 2244 464 2320 eampo
484 2228 609 2298 castra
627 2227 788 2296 metatus
807 2237 885 2317 est,
915 2237 952 2297 et
970 2221 1148 2299 tereiario
1167 2223 1221 2300 ibi

119 2347 363 2426 denumerauit
386 2355 536 2445 gentem
562 2369 689 2442 suam,
729 2353 765 2423 et
791 2369 973 2423 summam
1000 2349 1223 2426 inuenerunt

23 2457 25 2544 f
119 2497 257 2552 numero
293 2475 451 2570 triginta
485 2483 564 2551 tres
592 2473 700 2550 milia
727 2474 893 2549 virorum
921 2497 1004 2549 oum
1032 2475 1221 2572 equitibus

23 2683 24 2704 Ν
118 2601 262 2697 pedites.
282 2603 334 2677 Et
344 2600 576 2701 Stephanum
586 2599 736 2695 Balogh
754 2599 962 2698 predictum
981 2601 1120 2686 direxit
1138 2621 1221 2676 eum

120 2727 302 2805 duomilia
320 2727 511 2805 hominum
531 2728 580 2803 ad
597 2727 733 2802 vadum
750 2727 1043 2825 recuperandum
1061 2730 1101 2804 in
1111 2727 1222 2804 Abad

121 2854 159 2928 oh
176 2855 370 2952 augorium
388 2852 559 2930 Chauad.
579 2855 713 2930 Altera
730 2861 839 2953 parte
848 2852 998 2951 quidem
1016 2854 1220 2930 simulatim

119 2989 300 3077 magnates
318 2981 459 3057 domini
478 2979 653 3078 Hungari
672 2987 998 3077 congregaucrunt
1015 2982 1220 3058 exereitum

120 3129 280 3204 uegnnm
299 3107 513 3207 Stephanus
531 3108 675 3184 Bethor
698 3107 743 3182 de
763 3107 1029 3206 Themeswar‚
1059 3116 1096 3185 et
1123 3111 1221 3188 alter
1321 3121 1325 3131 “

121 3235 306 3334 episeopus
324 3235 359 3310 N
362 3235 507 3311 ioolaus
517 3233 644 3311 Ohaki
663 3233 709 3310 de
724 3232 904 3330 Chanad3
924 3244 962 3311 et
980 3237 1220 3314 vicecomita-

23 3453 24 3456 Ν
119 3367 165 3435 tes
181 3359 339 3458 quilibet
364 3362 547 3438 nobilium
574 3367 818 3438 surrexerunt
844 3369 975 3438 contra
1002 3363 1218 3443 cruciferos.

123 3483 257 3564 Deinde
275 3487 488 3587 Stephanus
506 3487 656 3585 Balogh
674 3497 924 3588 occupauerat
949 3491 1085 3568 vadum
1112 3491 1223 3570 Abad

123 3609 314 3692 blorosium
333 3613 410 3692 fini.
467 3615 618 3692 Exinde
635 3613 797 3714 Ispanos
816 3615 1030 3714 Stephanus
1057 3627 1095 3696 et
1121 3620 1220 3718 epis·

23 3771 25 3822 t
123 3759 223 3837 oopus
259 3742 478 3820 inusserunt
513 3742 563 3818 ad
589 3739 820 3842 Stephanum
848 3742 998 3840 Balogh
1034 3761 1072 3821 et
1108 3753 1219 3823 stete·

23 3917 24 3928 r
124 3875 204 3942 mut
258 3869 327 3946 Bis
354 3870 532 3970 impetum
568 3871 737 3947 iecerunt
762 3869 812 3945 ad
836 3893 1001 3969 pugnam
1028 3879 1066 3947 et
1096 3873 1220 3971 pugil·

123 3990 186 4068 lum
203 4018 376 4092 magnum
395 3997 559 4074 inierunt
577 3997 675 4074 inter
693 4021 756 4094 se,
785 4019 896 4096 qnam
921 4021 998 4075 vna
1024 3999 1120 4077 hora
1145 4022 1220 4076 non

125 4127 281 4214 poterant
310 4123 456 4200 demum
484 4123 531 4200 de
549 4123 744 4202 cruciferis
771 4131 955 4202 castorem
981 4126 1153 4225 accipere
1171 4127 1220 4202 ab
1356 4219 1361 4231 Ι

23 4303 24 4320 t
127 4247 190 4345 eis3
217 4259 254 4327 et
270 4251 383 4328 valde
401 4251 555 4328 difficile
574 4260 799 4352 aeceperunt
816 4255 864 4330 ab
884 4253 951 4330 eis.
1006 4252 1220 4352 Stephanus

23 4455 24 4462 Ν
127 4371 258 4476 Briogn
276 4379 403 4476 iugum
422 4377 524 4456 dedit
550 4403 574 4455 a
592 4379 780 4456 dominum
806 4402 913 4457 sunm
936 4377 1142 4477 Georgium
1160 4378 1220 4456 Si-

127 4501 252 4602 culum,
290 4513 328 4582 et
354 4507 479 4584 omnia
506 4507 691 4606 predixit,
729 4495 828 4606 quod
852 4513 978 4585 essent
994 4507 1164 4608 pero-ussi
1183 4513 1221 4584 et

128 4629 257 4724 predati
274 4657 299 4708 a
316 4635 552 4732 magnatibus
580 4642 618 4710 et
634 4659 658 4710 e
675 4635 886 4732 nobilibus,
906 4641 944 4710 et
961 4634 1115 4712 effossio
1133 4658 1219 4712 san-

23 4783 24 4860 3
129 4757 198 4849 zoin
213 4783 340 4840 eorum
348 4763 666 4843 maximafuisset.
687 4761 740 4840 Et
753 4763 822 4841 alii
832 4763 951 4841 ceiam
960 4763 1108 4864 quidem
1118 4763 1217 4842 eolo·
