3260 5226
1128 519 1205 598 369

79 707 237 785 mebant
263 709 465 807 quicquam
494 728 607 805 agere
634 732 711 786 sem
730 709 866 788 dicere.
896 711 1027 791 Sonuit
1047 717 1084 792 iu
1104 723 1204 796 auri-

76 835 154 912 bus
167 839 248 934 jam
268 836 494 914 militaribus
514 833 801 932 Humerorum,
833 842 930 936 quod
948 841 1117 921 dominos
1136 869 1202 946 op·
1333 857 1339 872 ·

75 962 233 1040 tirnates
251 963 456 1061 Hungaros
476 962 595 1041 Cesar
605 965 673 1040 sub
684 967 827 1043 mamea
838 989 905 1044 sna
922 972 1047 1070 capita
1066 973 1203 1070 priuati

76 1091 217 1166 iorem.
237 1089 287 1166 Et
305 1091 416 1167 valde
438 1095 542 1168 serui·
559 1093 788 1170 dominorum
809 1097 996 1192 perterriti
1017 1107 1145 1194 eraut3
1166 1108 1203 1173 et

78 1217 304 1294 nesciebant
328 1221 407 1316 jam
439 1222 635 1317 quicquam
663 1221 808 1316 facere,
844 1224 910 1300 sed
938 1225 1079 1300 unatim
1097 1227 1203 1302 bina·

76 1343 147 1418 tim
166 1345 264 1420 clam
283 1354 391 1421 extra
411 1346 554 1422 Budam
576 1348 781 1424 exiliebant
800 1351 899 1426 vltra
919 1351 1132 1428 Danubium
1153 1354 1201 1428 ad

78 1471 213 1548 Pesth.
648 1479 653 1490 “
992 1479 995 1494 “

189 1599 329 1676 Postea
357 1601 526 1675 centaurio
557 1623 684 1677 eorum
714 1603 876 1677 cucurrit
895 1626 986 1698 erga
1005 1602 1195 1690 Cesaram,

79 1735 119 1801 et
137 1727 323 1804 reserauit
350 1727 443 1820 sibi,
475 1701 583 1823 quod'
600 1727 789 1804 ciuitatem
804 1731 883 1826 jam
903 1732 1197 1827 occupauissent.

81 1853 134 1928 Et
151 1851 272 1932 Cesar
289 1853 387 1951 quod
405 1851 653 1930 inaudiuisset
666 1857 744 1951 jam
765 1879 788 1930 a
808 1878 918 1932 seruo
939 1877 1006 1931 sno
1026 1855 1197 1952 ummo,

77 1979 178 2076 juxis
197 1979 252 2076 ei,
273 1987 313 2055 rt
330 1979 376 2054 de
395 1981 540 2056 viribus
559 1981 748 2057 milliariis
767 1983 990 2079 colligerent
1008 2005 1112 2060 arma
1130 2007 1198 2060 aua

80 2105 126 2183 tle
136 2106 306 2184 manibus
315 2108 406 2183 suis.
428 2107 479 2181 Et
498 2106 646 2182 Tuscus
666 2107 798 2182 iterum
816 2107 1198 2187 cucurriteoouuerso

80 2234 129 2310 acl
148 2231 312 2329 Bucam,
333 2234 444 2310 etsie
465 2221 682 2331 inceperunt
701 2235 873 2332 accipere
893 2259 997 2311 arma
1016 2235 1061 2310 de
1081 2237 1196 2311 mani-

79 2363 149 2438 bus
176 2361 462 2458 Humerorum,
489 2369 626 2435 etcum
656 2361 744 2436 felle
773 2361 883 2437 corde
911 2359 1113 2438 reddebant
1141 2363 1197 2438 sis

80 2487 125 2563 tle
144 2487 316 2563 manibus
334 2485 428 2564 suis.
450 2509 494 2560 ac
513 2487 667 2584 insuper
686 2485 911 2584 marusipiaa
931 2508 1013 2561 cum
1032 2487 1195 2564 cultellis

79 2613 158 2690 suis
176 2613 393 2690 lacerabant
411 2611 457 2687 de
477 2613 638 2708 cingulis
656 2614 747 2688 suis.

185 2739 235 2814 Et
253 2745 385 2838 postea
407 2739 511 2814 veuit
540 2736 657 2816 Cesar
685 2739 730 2812 nd
759 2739 948 2813 ciuitatem
977 2737 1120 2814 Budam
1139 2739 1193 2814 in·

79 2868 212 2956 tramit,
232 2875 269 2941 et
287 2865 494 2964 hospicium
523 2865 654 2942 hebuit
672 2867 711 2940 iu
730 2865 838 2940 domo
867 2866 1085 2941 cancellarii
1110 2863 1193 2941 Ste-

79 2993 193 3092 phani
213 2991 405 3087 Verbeob;
426 2999 462 3068 et
481 2990 555 3067 idle
575 2991 773 3067 Dominico
793 2991 830 3064 in
850 2991 1013 3088 profesto
1033 2991 1193 3068 Deccla·

78 3121 190 3198 tionis
208 3117 366 3197 loannis
386 3117 557 3216 Baptiste
577 3118 662 3194 dum
681 3118 896 3194 scribebant
914 3140 1012 3193 anno
1034 3116 1147 3194 1541.

184 3247 235 3322 Et
253 3246 310 3322 sic
327 3251 410 3342 post
428 3243 597 3322 dominos
623 3243 825 3340 Hnugaros
845 3243 962 3338 elegit
980 3243 1076 3318 idem
1095 3243 1191 3320 Tur-

79 3395 159 3450 oum
178 3372 411 3473 prouisorcm
431 3391 578 3464 eorum3
599 3377 635 3444 et
654 3370 899 3446 Valentinum
918 3368 1107 3445 Thurcum
1128 3371 1190 3446 ‹le-

77 3501 274 3576 tinuerunt.
311 3498 361 3572 Et
380 3518 466 3573 mox
487 3497 523 3570 in
543 3477 695 3572 metallo
715 3503 886 3595 prompto
906 3505 1108 3594 posueruut
1126 3519 1190 3594 pe·

78 3627 253 3704 dessuos.
275 3623 325 3698 Et
344 3622 501 3716 dicebat,
523 3622 620 3720 quod
630 3621 725 3697 vidit
734 3645 775 3698 se
787 3623 908 3720 ipsum
919 3621 1187 3719 mancipatum:

83 3753 179 3848 „Vbi
191 3751 352 3828 estfides
370 3747 552 3826 Cesaris‘?
571 3747 780 3846 Quodquod
794 3749 973 3844 epistolas
989 3747 1191 3823 destinauit

78 3903 211 3957 aureas
230 3879 410 3977 scriptas,
432 3885 469 3952 et
487 3878 638 3974 iusuper
665 3875 845 3974 promisio
865 3875 968 3948 sua.“'
1003 3871 1129 3970 Ipsum
1150 3873 1188 3946 iu

77 4009 217 4083 catenis
253 4005 455 4095 ducebant,
495 4005 591 4079 alios
624 4001 768 4100 quidem
808 4003 887 4076 siue
927 3999 1187 4098 inpedimento.

77 4132 241 4232 Cumque
260 4131 452 4208 venissent
466 4130 621 4204 iutroad
633 4129 775 4204 Budam
795 4135 1000 4224 magnates,
1020 4133 1058 4200 et
1075 4133 1187 4200 stete-

76 4271 156 4338 runt
168 4261 249 4359 jam
267 4281 391 4335 coram
404 4255 565 4350 Cesare3
586 4255 835 4332 cancellarius
854 4275 938 4330 mox
959 4253 1104 4326 littems
1123 4273 1183 4324 cc-

79 4391 204 4486 piosas
221 4409 311 4464 suas
330 4383 504 4473 Ceteris,
526 4385 649 4460 (licere
669 4383 808 4480 incepit
825 4389 863 4454 et
880 4379 1048 4478 proicere
1066 4375 1114 4452 ad
1131 4376 1186 4451 ia-

76 4517 296 4608 ciemsuam,
317 4523 375 4587 rt:
393 4511 489 4606 „voi
510 4519 578 4592 est.
599 4508 729 4593 Cesar,
749 4509 842 4582 fides
860 4505 951 4582 tua?
972 4503 1045 4579 Hic
1064 4505 1187 4580 littere

77 4643 209 4718 Vestre
248 4639 459 4736 Majestatis
496 4637 661 4736 propriis
698 4637 867 4712 manibus
905 4634 977 4707 tuis
1014 4633 1183 4728 scriptas.

80 4771 207 4846 Nonne
225 4777 263 4844 te
290 4766 442 4842 donauit
470 4763 550 4840 Rex
578 4764 746 4840 loannes
775 4785 855 4838 cum
885 4759 1043 4942 copitpps
1072 4759 1183 4833 curiis

138 4909 225 4949 lusus
252 4909 324 4948 illim
343 4910 357 4946 l.
