3248 5210
969 447 973 466 '
1125 479 1201 560 125

118 685 277 756 mercator
294 686 378 755 erat
394 679 433 755 in
453 679 580 775 Buda,
601 679 664 778 qni
683 680 864 756 mediator
883 686 963 754 erat
981 681 1080 756 inter
1098 681 1204 759 Hun-

118 825 210 896 gsros
226 812 262 880 et
280 805 437 902 Turcos,
458 815 495 882 et
513 807 594 904 ipse
611 808 837 906 inpetrasset
854 806 1205 904 graciamaOesare
1304 899 1307 908 ,

119 925 353 1028 Christicolis,
374 941 411 1008 et
430 931 550 1010 Cesar
577 933 731 1032 insuper
759 936 1012 1010 remunerauit
1039 959 1103 1012 eos
1122 959 1205 1012 cum

117 1053 222 1132 decem
240 1060 377 1136 aureis.
407 1061 459 1135 Et
476 1061 630 1136 intrauit
658 1059 777 1138 Oesar
795 1061 843 1137 ad
861 1061 1024 1158 Budam,
1045 1069 1082 1138 et
1099 1063 1206 1138 sede-

117 1182 173 1258 cim
197 1183 326 1264 diebus
353 1187 512 1264 residuit
535 1189 574 1263 in
593 1211 639 1264 ea
657 1195 694 1264 et
712 1189 923 1287 prospaeio.
952 1189 1092 1265 Postea
1120 1213 1206 1265 con-

117 1310 222 1386 silium
257 1313 385 1391 inierit
412 1337 495 1390 cum
523 1314 749 1392 consiliariis
786 1314 885 1410 suis,
916 1315 1075 1413 quodsi
1102 1316 1209 1391 decet

118 1460 231 1534 urgere
266 1465 392 1518 arcem
419 1449 484 1518 aut
511 1464 597 1517 non.
635 1440 823 1516 Dixerunt
859 1444 941 1539 ejus
978 1442 1205 1518 consiliarii:

121 1567 222 1664 ,Non
241 1568 309 1644 sed
328 1569 460 1645 ciuitas
478 1568 589 1646 debet
606 1565 661 1668 321
686 1567 793 1642 Buda
810 1575 965 1666 propter
982 1567 1074 1664 hoc,
1100 1575 1141 1642 vt
1158 1570 1209 1645 sit

118 1695 276 1770 memoria
294 1695 438 1770 cunctis
456 1695 642 1790 gentibus,
664 1692 832 1792 quodbic
846 1694 982 1772 inisset
1001 1695 1208 1771 Tuscorum

28 1887 29 1920 ,
119 1815 252 1896 saara
284 1822 337 1897 Et
353 1845 422 1896 arx
439 1822 480 1896 in
497 1845 592 1919 pace
619 1823 863 1919 permanebat
889 1829 1043 1920 propter
1070 1823 1209 1920 princi·

28 1959 29 2050 ξ
120 1953 225 2040 patum
252 1971 391 2026 eorum.
422 1949 474 2024 Et
500 1956 583 2026 erat
609 1948 781 2024 incensor
807 1948 951 2042 ignium
975 1946 1129 2025 Cesaris
1146 1948 1211 2044 qui

28 2061 29 2098 ³
120 2094 242 2148 mecum
269 2075 456 2152 iabulauit
482 2074 553 2149 hec
570 2075 611 2150 in
638 2097 732 2148 cena
761 2096 851 2170 sua,
880 2081 962 2151 erat
980 2098 1115 2151 nomen
1132 2074 1210 2149 An-

28 2235 29 2308 ,
118 2197 248 2277 thonius
275 2202 332 2296 ei,
362 2209 400 2277 et
422 2201 654 2299 precepisset
680 2200 736 2294 ei,
764 2208 805 2274 vt
823 2224 948 2276 euram
967 2201 1154 2296 adiberet,
1176 2207 1214 2274 et

28 2355 29 2366 Ν
119 2327 275 2403 trecenis
293 2327 503 2406 Turcarum
530 2329 750 2426 inceperunt
772 2351 908 2423 urgere
927 2329 1118 2404 ciuitatem
1137 2327 1212 2404 Bu·

28 2477 29 2514 ÷
119 2450 200 2528 dam
234 2455 399 2532 Posthec
423 2463 574 2555 pontem
600 2463 874 2553 preparaberat
900 2479 969 2553 per
996 2455 1212 2531 Danubium

119 2577 192 2676 hui,
210 2591 246 2658 st
262 2584 319 2660 sic
338 2583 522 2681 equitsuit
539 2584 579 2660 in
597 2605 691 2682 pace
710 2582 882 2658 adomum
900 2605 1007 2660 suam
1026 2581 1212 2659 Constan-

118 2705 292 2806 tinopolim
310 2693 381 2785 etc.

353 3009 686 3115 (chrununun
712 3009 957 3116 xxxvur).

208 3231 299 3309 Inde
314 3235 393 3331 jam
416 3231 586 3310 Joannes
605 3230 786 3326 vaiuoda,
814 3229 914 3327 quod
940 3230 1123 3306 sensisset
1141 3227 1213 3306 Oe·

119 3378 224 3434 sarem
242 3359 452 3436 'furcarum
471 3359 660 3456 equitasse
678 3358 860 3453 adomum,
873 3365 910 3432 et
918 3357 1090 3453 Regnum
1108 3356 1214 3432 Hun-

119 3485 210 3575 garie
237 3487 360 3563 media
384 3511 474 3585 pars
497 3487 649 3585 jacebat
676 3486 716 3560 in
743 3485 1001 3574 desoluemus,
1031 3491 1068 3558 et
1086 3483 1215 3558 eodem

119 3615 268 3713 tempore
295 3615 426 3711 fugam
453 3614 633 3690 dederant
659 3613 708 3687 ad
736 3613 898 3690 Vienam
917 3612 982 3707 qui
1000 3632 1215 3708 permanse-

120 3749 192 3816 rant
208 3741 251 3818 de
270 3743 398 3819 aflictu
418 3741 571 3820 Oesaris
590 3741 629 3815 in
648 3739 830 3835 Mohach,
860 3739 1036 3814 videlicet
1054 3735 1215 3836 Stepha-

121 3891 178 3946 nus
195 3871 309 3948 Bator
328 3878 366 3946 et
383 3869 630 3946 cancellarius
649 3866 817 3943 Thomas
832 3866 1044 3963 Episcopus
1054 3863 1216 3940 Vacien·

118 3997 183 4092 sis,
219 4007 416 4096 antequam
444 3998 590 4074 nouiter
617 4002 699 4070 erat
725 4000 947 4092 accepturus
975 3991 1025 4066 de·
1048 3989 1218 4066 rusticali

122 4143 263 4222 genere,
293 4133 332 4201 et
358 4133 440 4200 erat
467 4123 655 4222 parochus
686 4121 726 4196 in
755 4119 866 4220 opido
895 4117 1084 4194 Miskoch.
1122 4114 1216 4190 Inde

122 4251 249 4344 quidem
279 4253 449 4330 Joannes
486 4251 647 4326 vaiuoda
684 4256 766 4324 erat
793 4249 833 4324 in
861 4247 1021 4344 Thocaij
1050 4243 1214 4342 opidulo.

28 4393 29 4468 ζ
123 4377 164 4452 Et
177 4383 275 4458 lama
295 4383 449 4478 vigebat
475 4380 605 4475 valde,
635 4378 733 4476 quod
751 4398 847 4488 unus
875 4376 985 4451 homo
1005 4373 1217 4449 Tracianus

28 4469 30 4624 h
123 4509 330 4586 sunexisset
348 4507 495 4583 nomine
514 4505 642 4583 Jouan
660 4503 764 4582 Ohar
783 4503 829 4579 de
846 4508 954 4601 parte
973 4497 1217 4575 Transsilua-

28 4635 29 4704 t
124 4631 227 4710 riensi
243 4633 420 4733 precipue
439 4657 463 4707 a
479 4638 587 4730 parte
606 4629 742 4729 Lippa,
764 4637 801 4705 et
820 4630 867 4705 ab
887 4625 1083 4723 Hungaris
1101 4646 1213 4700 voca·

123 4755 216 4840 hatur
241 4762 351 4860 niger
377 4757 500 4836 homo.
530 4759 615 4856 Ego
642 4779 774 4857 nempe
800 4756 945 4834 fueram
972 4753 1012 4829 in
1031 4749 1217 4830 Oassouia
