3238 5228
422 549 499 629 268

306 841 312 859 ι
423 750 650 828 lescentibus
669 771 785 848 equos
809 749 972 848 cespites
999 749 1192 826 duxerant.
1222 751 1274 826 Et
1291 753 1416 827 statim
1433 753 1536 847 equi·

424 883 596 952 tauernnt
605 897 688 952 cum
698 874 927 972 Regiestatc,
939 875 1114 951 videlicet
1124 875 1335 974 Gregorius
1345 877 1535 978 Pestieny.

425 1003 650 1080 Franciscus
687 1025 865 1078 monacus
902 999 1055 1100 Groph,
1095 1001 1309 1102 Stephanus
1338 1003 1536 1083 Verbwch.

424 1131 593 1207 dominus
619 1129 809 1206 Petronii.
839 1129 1024 1206 Dominus
1052 1127 1266 1207 Oibakinns
1283 1152 1359 1206 non
1378 1137 1457 1206 crat
1474 1126 1519 1180 ⁹⁰·

424 1281 505 1333 cum
533 1255 658 1352 Rege,
689 1257 778 1352 quia
805 1255 890 1330 dum
919 1258 1140 1333 cucurrebat
1158 1257 1206 1333 ad
1224 1257 1468 1335 Varadinum.
1489 1255 1538 1332 Et

425 1383 506 1458 Rex
534 1405 678 1483 pauper
705 1407 779 1458 non
808 1406 889 1459 cum
927 1383 1052 1460 multis
1089 1385 1251 1460 cucurrit
1285 1391 1463 1482 tanquam
1491 1381 1538 1457 ad

424 1513 578 1588 fratrem
600 1531 707 1586 suum
727 1510 974 1607 confidenter,
1004 1518 1042 1586 et
1069 1511 1220 1587 dominii
1248 1511 1537 1587 admirabantur.

427 1637 524 1734 qnod
551 1637 635 1714 Rex
654 1619 821 1715 Jcannes
848 1645 924 1713 tam
953 1637 1146 1715 andaciam
1173 1640 1330 1716 haberet
1357 1661 1438 1715 cnm
1467 1635 1538 1713 ua·

426 1787 510 1841 sare
530 1763 673 1858 Turno,
695 1771 733 1838 et
751 1764 852 1842 dubii
872 1773 980 1842 erant
998 1789 1090 1862 erga
1099 1764 1279 1844 Cesarem
1297 1761 1537 1868 op(t)imates.

429 1889 478 1963 Et
496 1889 579 1964 Rex
598 1890 653 1966 nil
671 1894 845 1988 curabat3
864 1893 1034 1989 videbat,
1066 1892 1165 1992 quod
1189 1901 1315 1970 essent
1331 1892 1538 1968 instabiles.

427 2015 478 2089 Et
496 2016 548 2092 ibi
568 2040 649 2092 cum
679 2016 820 2096 Cesare
844 2021 884 2095 in
903 2021 1101 2119 prospacio
1129 2020 1323 2096 dumtaxat
1350 2022 1459 2097 ambo
1478 2017 1537 2093 de·

428 2143 646 2240 creuissent,
668 2145 766 2242 quod
785 2147 834 2222 ad
851 2147 1014 2224 futurum
1033 2171 1170 2224 annum
1189 2148 1264 2224 alio
1285 2147 1390 2223 mcdo
1409 2146 1538 2222 iterum

429 2293 513 2344 sese
531 2279 708 2376 preparet
725 2273 855 2348 venire
874 2274 943 2349 sub
963 2273 1124 2352 Vienna.

535 2395 587 2472 Et
604 2421 700 2496 pons
720 2406 801 2474 erat
819 2399 931 2475 valde
940 2401 1072 2492 bonus,
1084 2408 1122 2474 et
1139 2401 1257 2476 latum
1276 2405 1359 2476 erat
1378 2397 1536 2475 sedecim

426 2545 578 2621 passum
596 2523 758 2601 hominis
777 2526 955 2621 latitudo,
983 2526 1081 2624 quod
1098 2531 1177 2602 tres
1205 2507 1355 2600 camelli
1382 2525 1538 2600 invicem

426 2656 620 2748 porterant
654 2673 833 2750 pergere3
863 2659 973 2728 etex
1002 2659 1158 2750 utraque
1185 2657 1293 2750 parte
1329 2652 1425 2728 benc
1460 2671 1538 2726 cum

427 2783 570 2853 teca-tcta
588 2785 680 2854 crat.
702 2779 871 2855 Secundo
891 2779 950 2855 die
961 2781 1101 2879 incepit
1119 2787 1351 2856 transmeare
1370 2801 1439 2878 per
1449 2801 1536 2877 pon·

428 2911 502 2979 tem
521 2905 582 2980 die
600 2913 786 3005 noctuque
805 2908 957 3004 agmina
976 2931 1045 2984 sua
1063 2929 1132 3007 per
1150 2915 1323 3007 pontem,
1344 2913 1382 2981 et
1404 2905 1538 3006 priuci-

428 3053 495 3130 pes
516 3032 629 3109 basse
649 3033 829 3110 sedebant
834 3037 944 3132 juxta
954 3041 1105 3132 pontem
1123 3035 1164 3110 in
1183 3033 1331 3127 vadum,
1352 3039 1389 3110 ct
1415 3032 1540 3108 seder.

430 3159 601 3235 manibus
612 3159 769 3258 quilibet
778 3168 966 3260 sceptrum
975 3163 1137 3238 tenebat.
1157 3161 1206 3236 Et
1224 3161 1287 3258 qui
1306 3160 1540 3236 exornmcito

429 3285 551 3360 volen.
571 3286 611 3360 in
629 3287 741 3363 simul
759 3289 845 3387 pari
855 3309 1020 3384 numero,
1037 3293 1175 3365 extunc
1183 3287 1471 3386 percucicebaut
1499 3293 1539 3360 ac'

430 3415 679 3490 verberabant
697 3438 781 3490 cum
800 3416 962 3514 sceptris
981 3415 1071 3493 suis.
1102 3415 1197 3492 Erat
1216 3437 1354 3511 magna
1373 3411 1466 3490 ordo
1487 3413 1539 3488 in·

430 3553 487 3620 ter
517 3565 578 3638 se,
607 3567 682 3621 non
710 3543 765 3619 ita
793 3545 890 3620 sicut
916 3544 1100 3642 opimates
1118 3539 1291 3639 Hungar.
1312 3563 1396 3616 cnm
1420 3537 1540 3616 Ludo·

430 3651 513 3747 Vicc
532 3669 637 3766 Rege
656 3671 696 3746 in
716 3669 891 3747 Mchach.
925 3671 973 3746 Et
1000 3667 1375 3768 laternasqmttuor
1402 3666 1543 3763 grands

431 3811 512 3877 erat
549 3800 743 3878 admodum
781 3801 928 3894 trabes,
967 3799 1100 3876 ardere
1136 3798 1332 3874 faciebant·
1361 3801 1542 3892 noctuque

431 3937 583 4028 propter
601 3935 749 4026 gentem
769 3949 908 4022 eorum,
929 3933 970 4002 vt
988 3949 1035 4002 ne
1053 3947 1181 4002 casum
1199 3923 1331 4000 darent
1348 3921 1397 3997 ad
1416 3919 1542 3997 fluium

434 4055 550 4152 Ister,
581 4056 626 4133 de
646 4061 776 4132 nostra
795 4061 904 4153 parte
923 4053 1027 4128 Bude
1047 4053 1152 4148 duas,
1172 4049 1273 4126 etde
1292 4053 1399 4147 parte
1428 4045 1542 4124 Pestb

432 4185 545 4278 duas3
565 4183 604 4258 in
623 4179 723 4258 omni
742 4179 803 4255 die
830 4177 1021 4272 ardebant,
1051 4199 1168 4276 usque
1197 4175 1245 4252 ad
1273 4181 1419 4251 cctaum
1449 4172 1543 4248 diem

432 4333 499 4410 per
516 4307 666 4410 pc'ntem
685 4307 894 4384 currebant.

538 4435 584 4512 Iu
602 4435 699 4513 festo
719 4433 889 4510 Demetri
918 4432 1081 4509 martiris
1110 4429 1226 4506 mouit
1250 4430 1329 4526 jam
1357 4447 1398 4500 sc
1426 4421 1545 4501 Cesar

435 4565 570 4640 Zoltan
589 4563 721 4640 Zelim.
743 4560 921 4660 Inprimis
949 4565 1134 4635 castorem
1153 4551 1396 4632 Mebmetbck
1425 4556 1545 4627 trans-

434 4699 533 4766 meat
551 4713 633 4765 cum
653 4696 800 4766 castore
818 4711 909 4782 sua3
930 4689 1071 4784 etpost
1089 4683 1160 4759 hcc
1179 4677 1546 4777 castoripsiustrans

432 4815 587 4892 irctavit
595 4837 662 4912 per
671 4823 820 4914 pontem
840 4811 1164 4914 Imbraymbasse,
1184 4814 1313 4884 cterat
1326 4811 1473 4882 statura
1491 4803 1545 4902 ip·
