3294 5208
1184 433 1233 510 13

313 674 315 678 .
441 627 805 734 ⁵·{GAPITULUM
824 623 894 709 VI.

171 819 348 893 bonorto
366 811 489 905 zilagi
507 810 694 904 quomodo
711 809 833 884 vitam
851 832 961 885 suum
979 809 1186 905 asperrime

608 935 743 1009 finiuit

230 1137 323 1211 Dum
349 1135 506 1230 regebat
533 1129 655 1206 adhue
680 1131 883 1206 banatnum
921 1129 1232 1208 Nandor-Albam

32 1285 33 1360 p
138 1285 255 1358 aroem,
273 1259 469 1358 cogitando
488 1259 655 1356 seipsum
663 1279 739 1331 una
750 1256 893 1333 dierum
911 1281 980 1355 pro
1000 1259 1227 1356 spaciosum

32 1385 33 1464 ἶ
140 1389 241 1464 sentis
281 1389 386 1484 equis
430 1386 666 1482 equitauerat
711 1405 844 1459 versus
890 1406 1015 1458 aroem
1060 1384 1229 1480 Sarnow,

32 1973 34 2048 i

139 1535 219 1608 quae
235 1515 426 1591 tenebatur
443 1534 513 1610 per
531 1510 729 1607 dezpotum
745 1508 1229 1608 Raoianorumprinoipem.

140 1638 269 1714 Extnne
287 1647 324 1714 et
341 1641 425 1738 ipse
444 1638 626 1735 dezpotus
644 1657 712 1732 pro
737 1635 866 1731 spaoio
884 1642 1060 1710 venatum
1078 1636 1231 1710 invene·

140 1771 190 1836 rat
204 1764 239 1838 in
254 1788 386 1862 eampo
406 1763 575 1838 Mioheel
593 1762 719 1858 Zilag.
740 1763 792 1836 Et
810 1769 941 1860 eaptus
960 1785 1048 1838 mox
1073 1762 1145 1838 fuit
1163 1784 1231 1860 per

139 1889 345 1966 iiiohuelem
371 1891 498 1986 Zilagi
526 1891 708 1987 dezpotus
725 1889 915 1987 princeps,
936 1895 973 1965 et
991 1888 1122 1965 duetus
1149 1896 1231 1964 erat

137 2015 179 2088 ad
201 2040 317 2092 arcem
344 2013 668 2092 Nandor-Albam.
689 2011 939 2105 Quamobrem
966 2014 1039 2092 iste
1066 2013 1232 2090 Michael

137 2149 207 2218 erat
231 2143 344 2219 durus
361 2142 485 2238 valde,
505 2142 594 2238 quia
622 2163 738 2239 purus
757 2140 919 2218 Soitious
938 2147 1030 2238 erat,
1059 2148 1097 2216 et
1113 2142 1233 2218 tenuit

138 2268 196 2342 sub
211 2267 374 2344 ommdia
385 2267 695 2366 captivitatissex
714 2289 861 2343 menses
873 2325 882 2362 ,
894 2273 932 2342 et
957 2270 1110 2366 petebat
1128 2270 1230 2345 abeo

137 2413 244 2468 arcem
261 2417 367 2470 suam
387 2393 569 2469 Zendwro
580 2389 615 2493 ⁴¹)
635 2399 790 2490 propter
807 2393 1231 2492 redempcionemsuam.

138 2515 212 2614 Ipse
228 2519 407 2618 denpotus
424 2519 599 2618 promisit
616 2517 727 2614 dare;
752 2520 819 2594 sed
837 2543 932 2596 vxor
951 2521 1032 2596 eius
1051 2527 1089 2596 et
1105 2521 1177 2596 tilii
1197 2528 1233 2596 et

138 2643 300 2720 burrones
327 2645 536 2720 noluerunt.
565 2643 656 2741 Ipse
680 2644 863 2742 dezpotus
889 2645 985 2721 vidit
1003 2669 1045 2722 se
1070 2669 1146 2722 non
1164 2643 1231 2721 ha-

33 2761 34 2774 '
139 2769 288 2866 benten,
317 2769 410 2846 feeit
429 2793 471 2846 se
498 2771 621 2869 ipsum
648 2769 842 2846 humiliari
860 2794 929 2868 per
956 2772 1233 2869 suplieaoiones

139 2897 268 2992 multas,
287 2904 328 2970 vt
346 2917 429 2972 eum
457 2896 645 2972 dimiteret
666 2895 823 2994 paoifioe
842 2896 1009 2972 Miehael
1027 2896 1076 2971 ad
1093 2896 1232 2992 Regie-

33 3009 34 3012 ‘
137 3027 235 3097 tatem
253 3044 369 3098 snam.
387 3021 477 3119 Ipse
495 3021 645 3119 quidem
661 3044 896 3119 nequaquam
915 3023 1035 3098 voluit
1053 3023 1231 3100 Miohuel.

139 3145 297 3222 Habebat
322 3145 450 3241 Zilagi
478 3168 591 3220 vnum
610 3147 796 3222 noterium
822 3147 1044 3224 Lndislaum
1061 3150 1233 3244 nomine3

138 3271 207 3370 ipse
241 3273 458 3349 consulebat
493 3273 692 3370 sepissime
720 3272 907 3350 dominum
944 3297 1050 3352 suum
1086 3275 1232 3372 Zilagi:

139 3397 320 3494 „Domine
338 3420 574 3494 nequaquam
601 3421 684 3474 eum
702 3399 890 3476 dimittere
917 3401 1042 3496 debes,
1062 3402 1152 3497 qnia
1168 3425 1228 3500 pe·

139 3525 255 3602 nitebit
270 3534 308 3600 te
326 3525 486 3620 demum;
506 3525 644 3600 etenim
662 3529 720 3601 est
737 3549 896 3622 magnus
916 3526 1098 3622 dominus,
1120 3534 1157 3603 et
1174 3527 1232 3602 vl·

140 3651 267 3728 uisoens
293 3652 497 3727 vindictam
516 3675 629 3751 super
646 3641 968 3748 magnificenciam
995 3661 1171 3730 vestram.
1193 3651 1235 3728 Si

35 3805 36 3856 t
139 3777 186 3852 uis
201 3799 282 3853 enm
300 3778 472 3854 dimitere
490 3802 560 3854 nee
578 3780 773 3878 captivare
783 3779 1017 3856 debuisses.“
1039 3779 1234 3856 Venerunt

35 3865 37 4020 ἶ
139 3921 206 3978 cun
223 3911 390 4003 tempore
406 3905 568 3980 barones
587 3903 840 3979 Raeianorum
858 3904 907 3978 ad
926 3903 1152 3978 Miohaelem
1170 3903 1233 3978 Zi-

139 4025 203 4122 lagi
231 4054 312 4106 cum
340 4032 596 4130 suplieaeione
614 4054 772 4128 magna3
799 4031 1052 4130 promiserunt
1079 4036 1234 4128 propter

139 4151 310 4232 dominum
328 4179 455 4234 eorum
473 4157 746 4256 quinquaginta
764 4157 871 4240 milia
888 4179 1047 4233 mareas.
1068 4153 1235 4230 Miohuel

139 4275 249 4378 Zilugi
291 4283 477 4380 audiens,
514 4283 686 4382 permisit
732 4290 877 4359 centum
924 4283 1030 4358 milia
1075 4304 1234 4376 mareas,

141 4403 304 4506 derpotns
357 4411 528 4508 permisit
563 4409 663 4484 dare.
712 4409 763 4484 Et
806 4406 972 4483 Miehael
1017 4430 1103 4482 mox
1148 4429 1235 4481 oon·

140 4535 248 4610 tentus
267 4535 357 4630 fnit,
387 4543 425 4612 et
443 4537 482 4612 in
501 4535 754 4613 conueneione
773 4535 840 4630 sie,
861 4533 959 4629 quod
979 4532 1160 4632 dezpotus
1178 4532 1234 4607 io-

184 4661 390 4674 —u——n—-n

167 4659 195 4774 i)
209 4707 347 4766 Seendrd.
