3248 5210
423 471 498 554 130

419 679 528 772 gestu
565 670 745 748 inclinato
783 668 906 768 eapite
942 665 1051 746 flexis
1083 665 1244 766 genibus
1271 667 1537 750 solutsuerunt

420 822 544 879 coram
569 797 757 876 Joannem
783 793 1003 892 rainonem,
1032 801 1070 870 et
1096 794 1297 872 dixerunt:
1321 794 1539 896 „Quidquid

418 926 526 1004 nobis
563 924 807 1000 mandauerat
842 929 969 1000 vestre
1004 919 1287 1018 magnificencie
1313 922 1471 1000 fecimus
1499 931 1539 998 et

263 1091 268 1109 ι
421 1053 523 1130 lecte
540 1051 662 1130 sunt.“
695 1049 746 1124 Et
764 1049 847 1124 uit:
871 1047 1009 1146 „Peter
1038 1044 1202 1144 Georgi,
1231 1047 1282 1121 ite
1306 1069 1375 1124 vos
1394 1056 1432 1124 et
1448 1071 1537 1146 pre·

418 1186 550 1277 purete
577 1199 646 1254 vos
674 1175 722 1252 ad
750 1171 955 1252 canendum
981 1172 1197 1270 vesperes.“
1238 1171 1395 1250 Interim
1421 1195 1536 1250 vnsm

418 1303 661 1382 bombordsm
680 1307 789 1378 exus
806 1297 949 1376 flauere
967 1296 1167 1392 dederuut,
1197 1305 1235 1373 et
1260 1298 1354 1374 dixit
1373 1297 1537 1398 Stepho-

418 1455 487 1510 nus
506 1427 695 1508 Verbwch
714 1456 724 1504 t
748 1425 935 1526 „Domine
953 1424 1133 1522 vaiucua,
1163 1447 1232 1502 nos
1260 1426 1408 1524 quidem
1427 1433 1538 1504 extra

418 1557 561 1636 exclusi
590 1537 757 1652 eremus,
786 1577 885 1632 nunc
912 1550 1060 1651 quidem
1087 1552 1209 1630 libere
1226 1559 1264 1630 et
1280 1560 1359 1628 tute
1377 1553 1536 1630 intraui-

419 1707 500 1762 mus
527 1683 578 1760 ed
605 1705 729 1760 arcem
757 1679 1004 1758 Budeusem.“
1047 1677 1187 1755 Postea
1213 1685 1287 1758 nos'
1311 1681 1420 1758 ambo
1449 1701 1536 1755 cum

418 1809 610 1910 Stephano
646 1809 843 1907 capellano
880 1805 1103 1884 introuimus
1131 1805 1178 1880 sd
1204 1807 1385 1884 senellam
1413 1803 1536 1904 Regis

420 1937 646 2036 Msjestetis.
674 1935 825 2012 Extunc
852 1953 948 2011 unos
975 1934 1094 2012 bonus
1121 1933 1297 2011 sacerdos
1325 1942 1407 2012 eret
1435 1932 1535 2012 Gre-

417 2064 547 2162 gorius
575 2063 658 2140 Ren
687 2062 793 2140 senio
821 2061 1011 2139 confectus
1048 2059 1258 2136 Pestiensis
1286 2061 1465 2156 nacione,
1496 2069 1537 2136 et

415 2194 536 2268 bonus
562 2189 791 2266 uociferatus
818 2193 899 2264 erat
917 2189 1150 2284 ejuuentute
1179 2209 1258 2262 sus.
1288 2187 1534 2266 Pulssuimus

417 2339 549 2410 vnum,
578 2321 617 2392 et
642 2313 864 2408 secundum,
894 2336 961 2412 per
988 2313 1144 2390 tercium
1163 2313 1313 2412 pulsnm
1332 2315 1450 2390 eciem
1470 2339 1534 2390 ce-

417 2444 601 2521 stellsnus
620 2463 707 2518 arce
727 2439 868 2516 Buden.
899 2447 1007 2518 extre
1034 2439 1196 2534 ascanio,
1226 2447 1263 2515 et
1282 2463 1365 2516 cum
1383 2439 1536 2516 «Ioanne

416 2568 577 2646 vsiuods
613 2567 720 2644 multi
757 2574 956 2664 magnetes
992 2567 1203 2643 consuimus
1237 2575 1274 2642 ct
1300 2567 1536 2646 centenimus

417 2717 615 2794 vesperem
634 2693 680 2769 de
699 2693 870 2772 omnibus
898 2693 1049 2770 sanctis.
1079 2694 1218 2770 Postea
1243 2701 1329 2792 post
1352 2716 1537 2794 vesperos

416 2845 529 2900 vnum
557 2821 733 2899 terciario
767 2828 874 2896 extre
902 2827 1125 2898 asseruerunt
1151 2818 1197 2895 de
1225 2821 1429 2899 bombards
1455 2821 1535 2898 clo·

416 2949 555 3024 bulum.

526 3071 681 3150 iuterim
702 3073 857 3171 scripsit
879 3073 1026 3150 litteras
1045 3072 1090 3148 de
1108 3095 1195 3148 arce
1215 3072 1321 3148 Buds
1338 3073 1536 3172 adportes

416 3197 712 3294 Germanorum,
741 3198 844 3275 etad
870 3206 998 3297 partes
1026 3198 1263 3276 orientolium
1282 3207 1320 3274 et
1338 3200 1535 3300 adportes

415 3325 719 3424 septemtrionem
752 3361 762 3400 ι
796 3324 1029 3424 „Quattenus
1067 3335 1108 3401 vt
1143 3326 1300 3422 quilibet
1326 3327 1456 3402 veniat
1483 3328 1534 3402 ad

416 3453 708 3530 consecrandum
727 3451 870 3549 Regem
889 3453 952 3528 vel
969 3455 1256 3554 gubernatorem
1280 3452 1405 3552 Regni
1423 3451 1533 3530 Hun-

416 3579 523 3678 gorie
551 3579 600 3655 ed
627 3576 934 3656 defendendum.“
977 3575 1060 3671 Que
1095 3579 1252 3656 materie
1287 3580 1533 3678 epistolarum

416 3709 471 3786 sic
499 3707 686 3792 sonabat:
719 3702 843 3802 „Quis
869 3705 993 3782 videte
1022 3705 1161 3782 domiui
1190 3704 1364 3804 Hungsri
1392 3714 1467 3784 stat
1495 3717 1535 3781 et

415 3833 521 3910 sedet
546 3835 629 3911 sols
656 3833 827 3909 desoluto
854 3831 1054 3928 Huugoris
1080 3833 1201 3932 major
1224 3835 1351 3932 pers.“
1384 3833 1435 3910 Et
1462 3859 1534 3934 per

418 3983 529 4037 vnum
558 3959 801 4036 ebdomadem
829 3959 1025 4060 spectauit.
1052 3955 1127 4051 Qui
1146 3967 1346 4056 venerunt,
1374 3961 1533 4058 quinon

417 4096 610 4182 venerunt,
631 4087 731 4163 etde
751 4085 959 4166 Germanis
975 4087 1279 4184 nunccioueruut,
1291 4095 1332 4163 vt
1340 4111 1387 4164 ne
1396 4087 1533 4165 debent

417 4215 490 4313 ipsi
509 4211 683 4312 Hungeri
704 4215 866 4314 aliquem
893 4213 1036 4310 Regem
1062 4235 1301 4310 consecrare,
1330 4215 1447 4291 donec
1466 4215 1532 4290 doss

416 4341 537 4417 minus
555 4337 816 4417 Ferdinsndus
835 4339 919 4416 Rex
938 4338 1149 4436 descendit,
1180 4339 1403 4438 quintilium
1422 4363 1532 4418 suum

416 4465 593 4544 decernet
620 4490 759 4543 corona
777 4465 986 4564 Hungsrie.
1017 4461 1139 4557 Quum
1158 4465 1229 4541 hee
1249 4467 1533 4565 responsionem

417 4591 607 4670 audissent
625 4589 799 4690 Hungsri
818 4593 990 4669 dixerunt
1007 4591 1056 4668 sd
1073 4591 1237 4688 legatum
1257 4589 1533 4670 Germanorum

417 4715 589 4816 Hungsri
617 4719 761 4795 scilieet
789 4747 797 4794 :
836 4719 940 4816 „Vos
967 4715 1159 4812 Ammoni,
1189 4739 1377 4815 nurnquem
1405 4719 1532 4818 elege-
