3226 5220
1124 495 1201 572 207

27 761 28 784 ,
111 690 244 788 ,Habeo
263 693 378 770 aliurn
396 702 546 791 gentem
564 693 732 790 fidelem,
753 694 957 770 Polonos“.
979 695 1065 791 Ego
1085 693 1166 770 dixi
1188 724 1196 770 :

27 1771 29 1822 l

27 1829 28 1880 l

109 820 236 916 ,Bene,
257 821 341 896 Rex
360 821 669 914 clementissime,
689 820 756 896 sed
774 843 868 916 gens
888 821 1069 896 Polonica
1088 821 1199 896 valde

102 954 171 1021 sunt
195 947 432 1024 effeminati.“
474 945 539 1022 Ait
563 969 631 1022 rex
661 974 669 1020 r
703 946 812 1043 ,Non
840 947 959 1022 sentis
985 952 1060 1042 tot,
1090 955 1198 1046 pater

101 1071 243 1170 Georgi,
264 1074 363 1150 sicut
380 1074 487 1169 cg0.“
510 1073 595 1169 Ego
614 1073 726 1148 tacui.

186 1197 357 1276 Secundo
394 1197 604 1275 sacrificari
631 1199 669 1273 in
698 1197 859 1274 ecclesia
886 1197 1007 1273 sancti
1043 1195 1195 1272 Andree

100 1323 266 1422 Apostoli.
288 1326 438 1401 Extuno
457 1325 654 1402 Emerious
674 1323 813 1425 Oybak
832 1324 987 1400 sedebat
1005 1325 1043 1398 in
1054 1325 1193 1399 cimite-

100 1451 153 1526 rio.
171 1449 292 1544 Quum
310 1477 369 1528 me
389 1453 583 1548 intuisset,
604 1475 691 1528 mox
711 1452 759 1526 ud
784 1474 825 1528 se
852 1473 989 1528 vocare
1017 1452 1127 1545 fecit,
1158 1458 1195 1525 et

98 1577 285 1670 gaudenter
302 1602 347 1654 ao
365 1579 441 1654 leto
462 1579 586 1654 animo
605 1580 780 1674 suscepit.
802 1575 1187 1672 &interrogandus

98 1705 225 1798 quando
243 1706 352 1800 veni,
373 1713 410 1780 et
428 1704 610 1801 quomodo
630 1711 718 1780 sunt
737 1701 1022 1798 Gassouienses,
1043 1711 1081 1778 et
1104 1703 1193 1801 quid

100 1828 209 1906 dsunt
227 1833 313 1931 ipsi,
335 1839 372 1906 et
391 1832 635 1908 communitas
654 1831 819 1931 ciuitatis
837 1831 974 1929 promti
984 1831 1107 1907 forent
1116 1853 1193 1906 om·

100 1979 154 2032 nes
179 1960 272 2036 mori
295 1961 406 2057 juxta
433 1959 589 2056 Regem.
630 1957 729 2058 ,Sed
756 1959 829 2057 ipsi
858 1959 1006 2055 dicunt,
1036 1959 1194 2056 quodsi

103 2085 384 2162 uelletdominus
395 2084 544 2186 Cybak.
564 2087 668 2183 Ergo
679 2093 806 2162 vestra
825 2085 1031 2162 dominacio
1042 2095 1099 2164 est
1110 2109 1196 2164 cau-

27 2229 28 2308 3
102 2233 136 2283 sa
151 2211 317 2309 eliciens,
346 2212 446 2311 quod
471 2212 616 2309 Regem
634 2212 821 2289 Jcannem
840 2236 915 2288 non
934 2213 1014 2308 vis,
1035 2222 1076 2288 vt
1095 2221 1195 2290 esset

27 2367 28 2432 j
103 2333 171 2412 Rex
188 2337 357 2415 Joannes
376 2338 594 2435 Hungarie;
615 2340 702 2436 quia
721 2340 761 2414 in
780 2339 926 2414 Thooai
947 2339 1033 2436 quia
1052 2340 1091 2414 in
1118 2341 1195 2437 pri·

27 2469 28 2474 ’
106 2463 298 2560 uisfugam
317 2463 474 2540 dederas
485 2466 580 2540 citra
591 2463 720 2540 fluium
740 2462 935 2560 Thiciam3
955 2471 992 2539 et
1002 2464 1147 2561 Regem
1158 2466 1197 2539 in

104 2609 195 2666 nanu
223 2589 492 2668 Alemanorum
521 2592 739 2668 amiseras“.
770 2591 879 2666 Dixit
906 2591 997 2666 mihi
1024 2592 1194 2668 furiose:

27 2719 28 2808 j
105 2713 285 2806 ,Mentiris
312 2723 354 2792 tu
381 2717 524 2813 bestia,
551 2723 591 2794 tu
609 2723 794 2794 scortator
812 2740 968 2814 procus;
989 2741 1055 2793 eas
1073 2725 1113 2792 tu
1132 2721 1195 2794 be·

27 2857 28 2944 l
102 2841 168 2938 etia,
187 2867 244 2919 me
255 2867 330 2920 non
339 2845 533 2942 vitupera3
553 2845 693 2942 quiesi
712 2845 829 2922 scires
847 2853 899 2940 tu,
921 2867 991 2942 que
1011 2867 1081 2940 ego
1100 2847 1191 2940 scio,

27 2985 28 2996 ¹
104 2989 173 3044 aare
190 2977 230 3044 tu
250 2970 393 3046 diceres
413 2969 504 3046 mihi
523 2969 636 3066 aliud,
656 2977 764 3067 pater
784 2967 967 3066 Georgi“.
988 2970 1039 3045 Et
1056 2971 1109 3046 ibi
1128 2995 1192 3046 ex·

27 3089 29 3108 '
101 3101 170 3170 tunc
186 3097 362 3174 audiebat
379 3096 595 3172 Ludouious
615 3096 818 3193 Thomori,
839 3098 1004 3194 quicum
1032 3101 1194 3174 amabat.

27 3219 28 3284 ἱ
102 3219 230 3300 Ertnnc
244 3227 324 3322 jam
343 3224 446 3300 illico
466 3225 581 3300 currit
600 3224 648 3300 ad
667 3223 823 3320 Regem,
844 3231 881 3298 et
899 3224 1063 3322 predixit
1082 3225 1191 3321 Regi,

27 3335 28 3420 l
100 3351 262 3442 quomodo
273 3373 344 3446 ego
355 3352 584 3428 ambulasset
602 3374 685 3427 cum
703 3350 877 3427 Emerioo
888 3350 1038 3451 Oybak.
1051 3353 1102 3427 Et
1112 3353 1194 3430 Rex

27 3551 28 3608 l

27 3609 29 3680 l

27 3721 29 3812 r

27 3823 29 3976 l

27 3977 29 3990 l

27 3495 28 3528 u
103 3495 147 3549 na
162 3477 208 3552 ad
225 3500 311 3552 eum
330 3500 465 3554 vocure
484 3479 592 3574 fecit,
619 3485 656 3552 et
674 3479 768 3554 dixit
788 3478 879 3552 mihi
899 3506 908 3552 :
932 3479 1194 3575 ,Pacienciam

101 3597 239 3698 lubeas,
260 3611 369 3701 pater
389 3601 544 3700 Georgi,
565 3603 683 3680 donec
702 3605 890 3703 inpleatur
910 3604 991 3681 dies
1011 3605 1189 3680 dierum.“

105 3723 150 3802 De
167 3729 347 3807 hactenus
375 3753 522 3828 semper
550 3753 608 3806 me
627 3730 820 3808 inuidebat
846 3755 1009 3831 pauper,
1039 3740 1076 3807 et
1101 3755 1195 3808 sem-

103 3875 155 3947 per
183 3879 238 3930 me
276 3857 509 3933 detractabat
544 3866 582 3932 et
618 3858 840 3934 infamiabat
877 3881 960 3934 oum
997 3859 1196 3956 epileptica

103 3982 210 4057 verba.

189 4109 338 4186 Extunc
375 4112 539 4188 clamare
576 4113 665 4188 iecit
693 4111 980 4190 mcnsionariam
1009 4112 1195 4211 peditibus

102 4230 141 4304 ad
156 4259 257 4312 unam
276 4260 444 4314 mensem
473 4263 584 4316 vnam
613 4240 803 4336 markam,
824 4248 862 4314 et
889 4240 1075 4337 equitibus
1103 4241 1196 4318 duas

27 4411 28 4440 r
100 4361 242 4440 uarias.
263 4365 315 4440 Et
334 4365 554 4464 quicumque
573 4375 674 4446 esset
692 4369 732 4443 in
756 4367 927 4465 hospicio
958 4368 1190 4464 bwzarones,

102 4493 131 4558 et
154 4491 301 4584 quilibet
326 4502 549 4592 prepararet
576 4517 681 4592 sese,
712 4496 800 4592 quia
827 4495 865 4569 in
894 4495 999 4570 breui
1027 4503 1193 4594 tempore

104 4609 262 4694 babemus
281 4620 392 4696 viam.
414 4621 464 4696 Et
483 4621 583 4700 dedit
601 4622 656 4697 eis
675 4623 713 4696 in
733 4623 928 4698 lunacione
953 4623 1119 4698 totaliter
1149 4621 1193 4696 de

103 4758 177 4816 auro
195 4767 303 4842 puro,
323 4769 480 4844 quorum
499 4746 678 4826 scutellas
698 4746 753 4852 ill
774 4757 851 4825 tres
871 4748 1082 4825 Laurencio
1094 4749 1192 4826 Mor·
