3260 5226
1101 461 1105 468 ·
1191 431 1269 514 est

157 629 257 728 Quia
283 633 382 712 latro
410 635 478 712 sub
506 633 654 712 nomine
681 633 940 734 episcopatus,
971 641 1008 710 et
1036 637 1105 712 sub
1124 633 1270 712 nomine

155 763 427 862 preposituram
446 762 545 838 tollit
572 763 718 838 vellera
735 763 977 860 populorum,
998 767 1035 836 et
1052 769 1271 860 prouentum

158 887 202 962 de
220 910 289 963 ara
307 885 473 982 Christi;
502 895 539 964 et
556 887 612 964 nil
629 893 732 984 orat,
761 889 816 964 nil
833 887 986 984 vigilat,
1015 887 1069 964 nil
1095 893 1272 985 procurat

3 1041 4 1044 ¹
159 1014 202 1090 de
222 1015 404 1090 communi
421 1003 572 1112 populo.
593 1012 754 1088 Tantum
773 1013 979 1110 comedunt,
1008 1020 1045 1088 et
1071 1012 1215 1109 bibunt,
1236 1020 1273 1088 et

161 1147 317 1237 surgunt
352 1139 500 1236 ludere,
539 1147 576 1216 et
612 1149 699 1238 post
725 1142 907 1218 lusionem
935 1142 1071 1216 intran.
1101 1139 1272 1217 cubiculo
1425 1243 1428 1255 ,

158 1269 396 1364 mechantur;
417 1276 455 1344 et
472 1270 526 1344 ita
544 1270 714 1348 seruiunt
732 1269 777 1346 de
795 1287 980 1370 prouentu
1000 1268 1271 1360 Ecclesiamm,

160 1402 197 1470 et
214 1395 271 1472 sic
288 1395 334 1472 de
353 1395 526 1494 singulis.

479 1681 813 1785 (carruunun
837 1683 962 1788 oxu.

267 1901 407 1978 Postea
434 1899 553 1978 Cesar
581 1903 712 1978 statuit
739 1925 851 1978 vnum
878 1905 1030 1980 bassam
1058 1901 1276 1978 inciuitate

160 2025 258 2104 Albe
276 2025 477 2122 Regalem;
502 2033 543 2124 ,et
568 2027 691 2125 ipsum
710 2027 877 2124 edocuit,
908 2029 998 2125 quid
1024 2035 1195 2127 oporteat
1220 2029 1277 2104 da·

163 2177 260 2232 cere.
281 2153 333 2228 Et
351 2153 454 2230 venit
471 2153 572 2229 fama
590 2154 639 2230 ad
658 2152 848 2250 Castorem,
878 2156 976 2252 quod
993 2155 1156 2254 pervim
1174 2179 1279 2232 acce-

162 2279 306 2378 pissent
339 2277 565 2376 strigoniam
593 2288 631 2356 et
658 2281 698 2358 in
725 2282 891 2380 prodesto
929 2281 1038 2358 Beati
1074 2280 1279 2360 Laurencii

161 2405 325 2482 martiris
353 2405 581 2482 introissent.
610 2407 661 2482 Et
688 2404 808 2484 Cesar
835 2407 977 2507 incepit
1005 2431 1029 2482 a
1055 2429 1279 2505 precursorc

162 2533 412 2629 inuestigare,
442 2531 620 2630 quociens
645 2533 798 2610 irruieu.
828 2533 1008 2610 aduersus
1026 2531 1275 2628 Strigonien.,

163 2669 200 2734 et
226 2667 317 2758 quot
343 2659 445 2734 milia
472 2659 517 2734 de
546 2657 746 2736 Ismuelica
772 2667 884 2756 gente
912 2659 1111 2758 perissent.
1141 2659 1281 2736 Postea

163 2789 303 2886 incepit
329 2787 401 2865 sibi
428 2787 622 2864 declarare
650 2809 849 2888 precursor
875 2789 1036 2864 abasse
1063 2786 1277 2882 Nacoliam,

164 2916 218 2992 ait
236 2915 393 2992 nuncius
414 2943 422 2990 :
447 2915 582 3012 „Vera
603 2913 849 2992 Serenissimc
869 2912 1009 3008 Cesar,
1038 2912 1193 3010 triginta
1212 2935 1279 2990 sex

164 3043 247 3118 vice
267 3041 315 3118 ad
333 3041 535 3142 imppetum
555 3041 794 3138 cucurrimus,
815 3047 853 3118 et
870 3041 934 3116 vix
953 3041 1100 3118 demum
1119 3039 1279 3140 optinui·

165 3192 257 3246 mus.
286 3168 332 3244 In
360 3192 433 3244 vno
460 3170 625 3268 imppetu
652 3169 810 3246 tricenta
837 3169 984 3266 pedites
1004 3168 1202 3246 ordinabat
1219 3167 1280 3244 do·

165 3297 286 3373 minus
305 3297 430 3394 bassa,
450 3303 487 3372 et
505 3296 545 3370 in
562 3295 731 3376 tricentis
749 3293 936 3394 peditibus
954 3294 1063 3392 pauci
1082 3293 1282 3372 veniebant

166 3431 385 3518 retrorsum,
406 3422 473 3500 sed
490 3443 640 3520 semper
656 3421 709 3497 ibi
727 3421 1006 3500 remanebant.“

273 3549 323 3624 Et
350 3546 470 3626 Cesar
497 3547 568 3623 bec
594 3546 742 3623 audien.
772 3570 858 3622 mox
877 3547 994 3624 mouit
1012 3569 1053 3624 se
1072 3545 1121 3622 ad
1139 3543 1282 3642 Strigo·

166 3674 285 3770 niam,
315 3683 352 3752 et
377 3675 482 3752 illum
507 3696 620 3751 vnum
647 3695 775 3752 senem
803 3673 1032 3752 sacerdotem
1060 3673 1284 3770 Hungurnm

167 3799 352 3880 duxerunt
379 3802 427 3878 ad
454 3800 696 3898 Strigoniam.
725 3800 775 3876 Et
801 3802 888 3878 vale
915 3801 1111 3898 accepite
1139 3799 1283 3876 ciuibus

167 3931 287 4010 Cesar
305 3927 402 4006 Albe
421 3928 639 4026 Regalium;
658 3927 763 4004 etad
782 3926 1011 4024 Strigoniam
1029 3927 1133 4002 venit
1151 3923 1281 4004 Cesar.

273 4057 361 4136 dam
389 4081 436 4133 ex
473 4063 629 4154 utraque
666 4061 775 4154 parte
812 4077 895 4132 cum
931 4051 1117 4152 triumpho
1146 4075 1282 4150 magno

169 4186 317 4264 'Porcus
335 4183 457 4262 Cesar
474 4183 563 4258 iecit
580 4203 682 4258 more
700 4181 865 4280 ipsorum
875 4203 1047 4279 magnum
1060 4179 1281 4276 conuiuium,
1296 4259 1299 4266 ⁴

171 4321 209 4390 et
226 4311 455 4408 sacrifican3
484 4305 536 4386 ac'
557 4308 762 4386 reddebant
787 4309 998 4406 graciarum
1022 4307 1214 4402 acciones,
1246 4313 1284 4382 et

170 4439 437 4518 dedicacarunt
454 4437 585 4534 valde,
615 4443 653 4514 et
679 4436 978 4532 diminuauerant
992 4441 1125 4534 gentes
1143 4455 1282 4512 eorum.

169 4567 270 4662 Quot
296 4566 507 4668 perierunt,
535 4564 737 4665 computati
765 4572 892 4662 erant,
930 4571 1019 4664 quot
1049 4561 1283 4659 vigintiduo

170 4696 275 4772 milia
293 4717 527 4796 paganorum
545 4716 592 4771 ex
611 4701 768 4790 utraque
786 4699 894 4792 parte
906 4692 1006 4770 arcis
1023 4689 1221 4791 perissent.
1233 4689 1284 4766 Et
