<?xml version="1.0" encoding="UTF-8"?>
<!DOCTYPE html PUBLIC "-//W3C//DTD XHTML 1.0 Transitional//EN"
    "http://www.w3.org/TR/xhtml1/DTD/xhtml1-transitional.dtd">
<html xmlns="http://www.w3.org/1999/xhtml" xml:lang="en" lang="en">
 <head>
  <title>
</title>
<meta http-equiv="Content-Type" content="text/html;charset=utf-8" />
  <meta name='ocr-system' content='tesseract 3.04.00' />
  <meta name='ocr-capabilities' content='ocr_page ocr_carea ocr_par ocr_line ocrx_word'/>
</head>
<body>
  <div class='ocr_page' id='page_1' title='image "./emlkiratamagyar00wenzgoog_0059.png"; bbox 0 0 3294 5208; ppageno 0'>
   <div class='ocr_carea' id='block_1_1' title="bbox 390 477 438 556">
    <p class='ocr_par' dir='ltr' id='par_1_1' title="bbox 390 477 438 556">
     <span class='ocr_line' id='line_1_1' title="bbox 390 477 438 556; baseline 0 0"><span class='ocrx_word' id='word_1_1' title='bbox 390 477 438 556; x_wconf 83' lang='lat'><strong>12</strong></span> 
     </span>
    </p>
   </div>
   <div class='ocr_carea' id='block_1_2' title="bbox 380 669 1500 3044">
    <p class='ocr_par' dir='ltr' id='par_1_2' title="bbox 380 669 1500 3044">
     <span class='ocr_line' id='line_1_2' title="bbox 386 669 1497 776; baseline -0.006 -24"><span class='ocrx_word' id='word_1_2' title='bbox 386 675 591 772; x_wconf 89' lang='lat' dir='ltr'><strong>Hungaros</strong></span> <span class='ocrx_word' id='word_1_3' title='bbox 601 680 817 770; x_wconf 85' lang='lat' dir='ltr'><strong>magnates3</strong></span> <span class='ocrx_word' id='word_1_4' title='bbox 833 669 900 776; x_wconf 56' lang='lat' dir='ltr'><strong>bl*-</strong></span> <span class='ocrx_word' id='word_1_5' title='bbox 917 695 1073 771; x_wconf 90' lang='lat' dir='ltr'><strong>cumque</strong></span> <span class='ocrx_word' id='word_1_6' title='bbox 1082 677 1279 770; x_wconf 89' lang='lat' dir='ltr'><strong>presentes</strong></span> <span class='ocrx_word' id='word_1_7' title='bbox 1292 669 1497 766; x_wconf 83' lang='lat' dir='ltr'>extiterint,</span> 
     </span>
     <span class='ocr_line' id='line_1_3' title="bbox 387 797 1500 901; baseline -0.005 -23"><span class='ocrx_word' id='word_1_8' title='bbox 387 805 492 901; x_wconf 88' lang='lat' dir='ltr'><strong>ipsos</strong></span> <span class='ocrx_word' id='word_1_9' title='bbox 511 801 558 876; x_wconf 86' lang='lat' dir='ltr'><strong>ad</strong></span> <span class='ocrx_word' id='word_1_10' title='bbox 585 802 783 899; x_wconf 87' lang='lat' dir='ltr'><strong>prandium</strong></span> <span class='ocrx_word' id='word_1_11' title='bbox 811 801 976 879; x_wconf 84' lang='lat' dir='ltr'><strong>invitare</strong></span> <span class='ocrx_word' id='word_1_12' title='bbox 1003 802 1145 898; x_wconf 84' lang='lat' dir='ltr'><strong>facias,</strong></span> <span class='ocrx_word' id='word_1_13' title='bbox 1165 822 1322 896; x_wconf 89' lang='lat' dir='ltr'><strong>cumque</strong></span> <span class='ocrx_word' id='word_1_14' title='bbox 1348 797 1500 874; x_wconf 87' lang='lat' dir='ltr'><strong>finietur</strong></span> 
     </span>
     <span class='ocr_line' id='line_1_4' title="bbox 385 927 1499 1027; baseline -0.005 -24"><span class='ocrx_word' id='word_1_15' title='bbox 385 928 583 1027; x_wconf 86' lang='lat' dir='ltr'><strong>prandium</strong></span> <span class='ocrx_word' id='word_1_16' title='bbox 610 951 695 1004; x_wconf 84' lang='lat' dir='ltr'><strong>mox</strong></span> <span class='ocrx_word' id='word_1_17' title='bbox 725 928 784 1003; x_wconf 90' lang='lat' dir='ltr'><strong>dic</strong></span> <span class='ocrx_word' id='word_1_18' title='bbox 802 927 916 1006; x_wconf 87' lang='lat' dir='ltr'><strong>mihi:</strong></span> <span class='ocrx_word' id='word_1_19' title='bbox 937 928 998 1006; x_wconf 85' lang='lat' dir='ltr'><strong>Tu</strong></span> <span class='ocrx_word' id='word_1_20' title='bbox 1025 935 1135 1027; x_wconf 89' lang='lat' dir='ltr'><strong>pater</strong></span> <span class='ocrx_word' id='word_1_21' title='bbox 1152 928 1266 1002; x_wconf 90' lang='lat' dir='ltr'><strong>Petre</strong></span> <span class='ocrx_word' id='word_1_22' title='bbox 1294 948 1336 1001; x_wconf 89' lang='lat' dir='ltr'><strong>es</strong></span> <span class='ocrx_word' id='word_1_23' title='bbox 1354 929 1499 1021; x_wconf 87' lang='lat' dir='ltr'><strong>captus.</strong></span> 
     </span>
     <span class='ocr_line' id='line_1_5' title="bbox 386 1049 1500 1151; baseline -0.006 -22"><span class='ocrx_word' id='word_1_24' title='bbox 386 1055 471 1150; x_wconf 89' lang='lat' dir='ltr'><strong>Ego</strong></span> <span class='ocrx_word' id='word_1_25' title='bbox 493 1054 642 1151; x_wconf 90' lang='lat' dir='ltr'><strong>quidem</strong></span> <span class='ocrx_word' id='word_1_26' title='bbox 668 1054 780 1129; x_wconf 87' lang='lat' dir='ltr'><strong>valde</strong></span> <span class='ocrx_word' id='word_1_27' title='bbox 808 1059 996 1151; x_wconf 79' lang='lat' dir='ltr'><strong>sododem,</strong></span> <span class='ocrx_word' id='word_1_28' title='bbox 1024 1061 1066 1128; x_wconf 84' lang='lat' dir='ltr'><strong>vt</strong></span> <span class='ocrx_word' id='word_1_29' title='bbox 1094 1075 1210 1150; x_wconf 88' lang='lat' dir='ltr'><strong>quare</strong></span> <span class='ocrx_word' id='word_1_30' title='bbox 1237 1052 1331 1126; x_wconf 87' lang='lat' dir='ltr'><strong>facit</strong></span> <span class='ocrx_word' id='word_1_31' title='bbox 1358 1049 1500 1127; x_wconf 84' lang='lat' dir='ltr'><strong>Vestra</strong></span> 
     </span>
     <span class='ocr_line' id='line_1_6' title="bbox 385 1173 1499 1278; baseline -0.006 -23"><span class='ocrx_word' id='word_1_32' title='bbox 385 1180 590 1278; x_wconf 78' lang='lat' dir='ltr'><strong>Maiestas,</strong></span> <span class='ocrx_word' id='word_1_33' title='bbox 611 1189 648 1256; x_wconf 90' lang='lat' dir='ltr'><strong>ot</strong></span> <span class='ocrx_word' id='word_1_34' title='bbox 673 1180 764 1277; x_wconf 88' lang='lat' dir='ltr'><strong>quid</strong></span> <span class='ocrx_word' id='word_1_35' title='bbox 789 1181 863 1255; x_wconf 84' lang='lat' dir='ltr'><strong>leci</strong></span> <span class='ocrx_word' id='word_1_36' title='bbox 889 1181 980 1255; x_wconf 91' lang='lat' dir='ltr'><strong>mali</strong></span> <span class='ocrx_word' id='word_1_37' title='bbox 1005 1180 1113 1256; x_wconf 86' lang='lat' dir='ltr'><strong>tibi.“</strong></span> <span class='ocrx_word' id='word_1_38' title='bbox 1145 1179 1197 1253; x_wconf 88' lang='lat' dir='ltr'><strong>Et</strong></span> <span class='ocrx_word' id='word_1_39' title='bbox 1223 1179 1314 1252; x_wconf 87' lang='lat' dir='ltr'><strong>lecit</strong></span> <span class='ocrx_word' id='word_1_40' title='bbox 1341 1176 1397 1251; x_wconf 92' lang='lat' dir='ltr'><strong>sic</strong></span> <span class='ocrx_word' id='word_1_41' title='bbox 1415 1173 1499 1249; x_wconf 89' lang='lat' dir='ltr'><strong>Rex</strong></span> 
     </span>
     <span class='ocr_line' id='line_1_7' title="bbox 385 1301 1498 1405; baseline -0.004 -25"><span class='ocrx_word' id='word_1_42' title='bbox 385 1306 574 1402; x_wconf 86' lang='lat' dir='ltr'><strong>Mathias;</strong></span> <span class='ocrx_word' id='word_1_43' title='bbox 595 1314 632 1381; x_wconf 90' lang='lat' dir='ltr'><strong>et</strong></span> <span class='ocrx_word' id='word_1_44' title='bbox 641 1305 777 1383; x_wconf 89' lang='lat' dir='ltr'><strong>Petrus</strong></span> <span class='ocrx_word' id='word_1_45' title='bbox 795 1307 969 1405; x_wconf 79' lang='lat' dir='ltr'><strong>promisit</strong></span> <span class='ocrx_word' id='word_1_46' title='bbox 989 1306 1078 1382; x_wconf 87' lang='lat' dir='ltr'><strong>dare</strong></span> <span class='ocrx_word' id='word_1_47' title='bbox 1097 1305 1145 1380; x_wconf 91' lang='lat' dir='ltr'><strong>ad</strong></span> <span class='ocrx_word' id='word_1_48' title='bbox 1163 1303 1413 1381; x_wconf 87' lang='lat' dir='ltr'><strong>adiuuandum</strong></span> <span class='ocrx_word' id='word_1_49' title='bbox 1421 1301 1498 1376; x_wconf 93' lang='lat' dir='ltr'><strong>Re-</strong></span> 
     </span>
     <span class='ocr_line' id='line_1_8' title="bbox 384 1425 1496 1529; baseline -0.007 -22"><span class='ocrx_word' id='word_1_50' title='bbox 384 1434 446 1528; x_wconf 88' lang='lat' dir='ltr'><strong>gis</strong></span> <span class='ocrx_word' id='word_1_51' title='bbox 473 1433 745 1529; x_wconf 80' lang='lat' dir='ltr'><strong>quinquaginta</strong></span> <span class='ocrx_word' id='word_1_52' title='bbox 772 1433 879 1508; x_wconf 88' lang='lat' dir='ltr'><strong>milia</strong></span> <span class='ocrx_word' id='word_1_53' title='bbox 906 1431 1079 1508; x_wconf 89' lang='lat' dir='ltr'><strong>florenos.</strong></span> <span class='ocrx_word' id='word_1_54' title='bbox 1108 1431 1219 1506; x_wconf 81' lang='lat' dir='ltr'><strong>Dixit</strong></span> <span class='ocrx_word' id='word_1_55' title='bbox 1247 1429 1361 1506; x_wconf 85' lang='lat' dir='ltr'>Rex:</span> <span class='ocrx_word' id='word_1_56' title='bbox 1395 1425 1496 1526; x_wconf 81' lang='lat' dir='ltr'><strong>„Ad-</strong></span> 
     </span>
     <span class='ocr_line' id='line_1_9' title="bbox 384 1551 1497 1657; baseline -0.007 -23"><span class='ocrx_word' id='word_1_57' title='bbox 384 1559 459 1634; x_wconf 91' lang='lat' dir='ltr'><strong>hno</strong></span> <span class='ocrx_word' id='word_1_58' title='bbox 475 1561 562 1657; x_wconf 91' lang='lat' dir='ltr'><strong>plus</strong></span> <span class='ocrx_word' id='word_1_59' title='bbox 581 1582 691 1656; x_wconf 91' lang='lat' dir='ltr'><strong>quam</strong></span> <span class='ocrx_word' id='word_1_60' title='bbox 711 1558 769 1654; x_wconf 78' lang='lat' dir='ltr'><strong>da,</strong></span> <span class='ocrx_word' id='word_1_61' title='bbox 789 1559 972 1656; x_wconf 88' lang='lat' dir='ltr'><strong>quianon</strong></span> <span class='ocrx_word' id='word_1_62' title='bbox 991 1557 1114 1634; x_wconf 82' lang='lat' dir='ltr'><strong>exibis</strong></span> <span class='ocrx_word' id='word_1_63' title='bbox 1133 1556 1179 1631; x_wconf 89' lang='lat' dir='ltr'><strong>de</strong></span> <span class='ocrx_word' id='word_1_64' title='bbox 1197 1553 1413 1649; x_wconf 84' lang='lat' dir='ltr'><strong>aroeBuda,</strong></span> <span class='ocrx_word' id='word_1_65' title='bbox 1432 1551 1497 1626; x_wconf 91' lang='lat' dir='ltr'><strong>do-</strong></span> 
     </span>
     <span class='ocr_line' id='line_1_10' title="bbox 384 1679 1497 1779; baseline -0.006 -20"><span class='ocrx_word' id='word_1_66' title='bbox 384 1707 455 1759; x_wconf 90' lang='lat' dir='ltr'><strong>nec</strong></span> <span class='ocrx_word' id='word_1_67' title='bbox 472 1685 697 1779; x_wconf 88' lang='lat' dir='ltr'><strong>sexingenta</strong></span> <span class='ocrx_word' id='word_1_68' title='bbox 715 1685 822 1757; x_wconf 90' lang='lat' dir='ltr'><strong>milia</strong></span> <span class='ocrx_word' id='word_1_69' title='bbox 849 1705 997 1759; x_wconf 88' lang='lat' dir='ltr'><strong>marcas</strong></span> <span class='ocrx_word' id='word_1_70' title='bbox 1023 1705 1098 1757; x_wconf 94' lang='lat' dir='ltr'><strong>non</strong></span> <span class='ocrx_word' id='word_1_71' title='bbox 1125 1681 1325 1756; x_wconf 88' lang='lat' dir='ltr'><strong>solueris.“</strong></span> <span class='ocrx_word' id='word_1_72' title='bbox 1355 1679 1407 1754; x_wconf 90' lang='lat' dir='ltr'><strong>Et</strong></span> <span class='ocrx_word' id='word_1_73' title='bbox 1424 1679 1497 1753; x_wconf 91' lang='lat' dir='ltr'><strong>Pe-</strong></span> 
     </span>
     <span class='ocr_line' id='line_1_11' title="bbox 385 1802 1498 1908; baseline -0.006 -24"><span class='ocrx_word' id='word_1_74' title='bbox 385 1817 466 1886; x_wconf 89' lang='lat' dir='ltr'><strong>trus</strong></span> <span class='ocrx_word' id='word_1_75' title='bbox 494 1811 622 1885; x_wconf 89' lang='lat' dir='ltr'><strong>statim</strong></span> <span class='ocrx_word' id='word_1_76' title='bbox 649 1833 718 1908; x_wconf 91' lang='lat' dir='ltr'><strong>pro</strong></span> <span class='ocrx_word' id='word_1_77' title='bbox 755 1808 994 1885; x_wconf 68' lang='lat' dir='ltr'><strong>redemtione</strong></span> <span class='ocrx_word' id='word_1_78' title='bbox 1023 1803 1092 1884; x_wconf 87' lang='lat' dir='ltr'><strong>sua</strong></span> <span class='ocrx_word' id='word_1_79' title='bbox 1120 1807 1168 1882; x_wconf 88' lang='lat' dir='ltr'><strong>ad</strong></span> <span class='ocrx_word' id='word_1_80' title='bbox 1195 1812 1368 1881; x_wconf 79' lang='lat' dir='ltr'><strong>octauum</strong></span> <span class='ocrx_word' id='word_1_81' title='bbox 1396 1802 1498 1879; x_wconf 91' lang='lat' dir='ltr'><strong>diem</strong></span> 
     </span>
     <span class='ocr_line' id='line_1_12' title="bbox 384 1930 1498 2033; baseline -0.004 -24"><span class='ocrx_word' id='word_1_82' title='bbox 384 1933 485 2030; x_wconf 85' lang='lat' dir='ltr'><strong>Regi</strong></span> <span class='ocrx_word' id='word_1_83' title='bbox 521 1933 767 2033; x_wconf 89' lang='lat' dir='ltr'><strong>presentanit.</strong></span> <span class='ocrx_word' id='word_1_84' title='bbox 797 1934 849 2009; x_wconf 89' lang='lat' dir='ltr'><strong>Et</strong></span> <span class='ocrx_word' id='word_1_85' title='bbox 876 1934 944 2008; x_wconf 88' lang='lat' dir='ltr'><strong>alii</strong></span> <span class='ocrx_word' id='word_1_86' title='bbox 980 1939 1177 2028; x_wconf 86' lang='lat' dir='ltr'><strong>magnates</strong></span> <span class='ocrx_word' id='word_1_87' title='bbox 1203 1931 1276 2006; x_wconf 94' lang='lat' dir='ltr'><strong>hec</strong></span> <span class='ocrx_word' id='word_1_88' title='bbox 1302 1930 1498 2005; x_wconf 84' lang='lat' dir='ltr'><strong>audientes</strong></span> 
     </span>
     <span class='ocr_line' id='line_1_13' title="bbox 382 2058 1497 2160; baseline -0.003 -25"><span class='ocrx_word' id='word_1_89' title='bbox 382 2067 622 2158; x_wconf 88' lang='lat' dir='ltr'><strong>tremuerunt,</strong></span> <span class='ocrx_word' id='word_1_90' title='bbox 643 2069 682 2137; x_wconf 92' lang='lat' dir='ltr'><strong>et</strong></span> <span class='ocrx_word' id='word_1_91' title='bbox 698 2085 769 2160; x_wconf 89' lang='lat' dir='ltr'><strong>per</strong></span> <span class='ocrx_word' id='word_1_92' title='bbox 795 2067 942 2158; x_wconf 88' lang='lat' dir='ltr'><strong>portam</strong></span> <span class='ocrx_word' id='word_1_93' title='bbox 961 2059 1190 2135; x_wconf 89' lang='lat' dir='ltr'><strong>Budensium</strong></span> <span class='ocrx_word' id='word_1_94' title='bbox 1218 2058 1317 2135; x_wconf 86' lang='lat' dir='ltr'><strong>arcis</strong></span> <span class='ocrx_word' id='word_1_95' title='bbox 1336 2080 1411 2132; x_wconf 90' lang='lat' dir='ltr'><strong>non</strong></span> <span class='ocrx_word' id='word_1_96' title='bbox 1429 2080 1497 2154; x_wconf 91' lang='lat' dir='ltr'><strong>po-</strong></span> 
     </span>
     <span class='ocr_line' id='line_1_14' title="bbox 382 2183 1497 2283; baseline -0.004 -21"><span class='ocrx_word' id='word_1_97' title='bbox 382 2195 535 2264; x_wconf 89' lang='lat' dir='ltr'><strong>tuerunt</strong></span> <span class='ocrx_word' id='word_1_98' title='bbox 552 2188 679 2283; x_wconf 85' lang='lat' dir='ltr'><strong>exire,</strong></span> <span class='ocrx_word' id='word_1_99' title='bbox 699 2188 789 2283; x_wconf 88' lang='lat' dir='ltr'><strong>quia</strong></span> <span class='ocrx_word' id='word_1_100' title='bbox 817 2195 899 2262; x_wconf 85' lang='lat' dir='ltr'><strong>eret</strong></span> <span class='ocrx_word' id='word_1_101' title='bbox 916 2187 1125 2282; x_wconf 79' lang='lat' dir='ltr'><strong>reclusum,</strong></span> <span class='ocrx_word' id='word_1_102' title='bbox 1146 2192 1184 2260; x_wconf 90' lang='lat' dir='ltr'><strong>ct</strong></span> <span class='ocrx_word' id='word_1_103' title='bbox 1212 2185 1372 2261; x_wconf 80' lang='lat' dir='ltr'><strong>ducenta</strong></span> <span class='ocrx_word' id='word_1_104' title='bbox 1389 2183 1497 2280; x_wconf 92' lang='lat' dir='ltr'><strong>pedi·</strong></span> 
     </span>
     <span class='ocr_line' id='line_1_15' title="bbox 382 2310 1496 2423; baseline -0.005 -34"><span class='ocrx_word' id='word_1_105' title='bbox 382 2321 440 2390; x_wconf 90' lang='lat' dir='ltr'><strong>tes</strong></span> <span class='ocrx_word' id='word_1_106' title='bbox 460 2314 703 2423; x_wconf 74' lang='lat' dir='ltr'><strong>ordinauerat</strong></span> <span class='ocrx_word' id='word_1_107' title='bbox 720 2312 817 2389; x_wconf 88' lang='lat' dir='ltr'><strong>Rex.</strong></span> <span class='ocrx_word' id='word_1_108' title='bbox 837 2313 889 2388; x_wconf 85' lang='lat' dir='ltr'><strong>Et</strong></span> <span class='ocrx_word' id='word_1_109' title='bbox 908 2312 1131 2408; x_wconf 86' lang='lat' dir='ltr'><strong>singillatim</strong></span> <span class='ocrx_word' id='word_1_110' title='bbox 1150 2311 1343 2410; x_wconf 88' lang='lat' dir='ltr'><strong>principes</strong></span> <span class='ocrx_word' id='word_1_111' title='bbox 1373 2316 1412 2384; x_wconf 91' lang='lat' dir='ltr'><strong>et</strong></span> <span class='ocrx_word' id='word_1_112' title='bbox 1429 2310 1496 2384; x_wconf 88' lang='lat' dir='ltr'><strong>ba·</strong></span> 
     </span>
     <span class='ocr_line' id='line_1_16' title="bbox 383 2435 1496 2538; baseline -0.006 -21"><span class='ocrx_word' id='word_1_113' title='bbox 383 2463 507 2536; x_wconf 82' lang='lat' dir='ltr'><strong>nones,</strong></span> <span class='ocrx_word' id='word_1_114' title='bbox 529 2441 594 2537; x_wconf 94' lang='lat' dir='ltr'><strong>qui</strong></span> <span class='ocrx_word' id='word_1_115' title='bbox 612 2439 862 2538; x_wconf 86' lang='lat' dir='ltr'><strong>quadraginta</strong></span> <span class='ocrx_word' id='word_1_116' title='bbox 881 2441 987 2516; x_wconf 86' lang='lat' dir='ltr'><strong>milia</strong></span> <span class='ocrx_word' id='word_1_117' title='bbox 1005 2461 1164 2534; x_wconf 84' lang='lat' dir='ltr'><strong>marcas,</strong></span> <span class='ocrx_word' id='word_1_118' title='bbox 1176 2440 1240 2535; x_wconf 89' lang='lat' dir='ltr'><strong>qui</strong></span> <span class='ocrx_word' id='word_1_119' title='bbox 1259 2435 1496 2513; x_wconf 86' lang='lat' dir='ltr'><strong>centonomi-</strong></span> 
     </span>
     <span class='ocr_line' id='line_1_17' title="bbox 381 2563 1496 2665; baseline -0.005 -23"><span class='ocrx_word' id='word_1_120' title='bbox 381 2566 437 2642; x_wconf 90' lang='lat' dir='ltr'><strong>lia</strong></span> <span class='ocrx_word' id='word_1_121' title='bbox 455 2589 601 2642; x_wconf 89' lang='lat' dir='ltr'><strong>marcas</strong></span> <span class='ocrx_word' id='word_1_122' title='bbox 619 2569 874 2665; x_wconf 90' lang='lat' dir='ltr'><strong>promiserunt</strong></span> <span class='ocrx_word' id='word_1_123' title='bbox 893 2566 983 2642; x_wconf 90' lang='lat' dir='ltr'><strong>dare</strong></span> <span class='ocrx_word' id='word_1_124' title='bbox 1001 2566 1113 2661; x_wconf 87' lang='lat' dir='ltr'><strong>Regi,</strong></span> <span class='ocrx_word' id='word_1_125' title='bbox 1134 2571 1173 2640; x_wconf 93' lang='lat' dir='ltr'><strong>et</strong></span> <span class='ocrx_word' id='word_1_126' title='bbox 1191 2565 1350 2661; x_wconf 90' lang='lat' dir='ltr'><strong>quilibet</strong></span> <span class='ocrx_word' id='word_1_127' title='bbox 1368 2563 1417 2638; x_wconf 87' lang='lat' dir='ltr'><strong>ad</strong></span> <span class='ocrx_word' id='word_1_128' title='bbox 1435 2585 1496 2638; x_wconf 92' lang='lat' dir='ltr'><strong>oc·</strong></span> 
     </span>
     <span class='ocr_line' id='line_1_18' title="bbox 380 2689 1497 2790; baseline -0.004 -24"><span class='ocrx_word' id='word_1_129' title='bbox 380 2699 508 2767; x_wconf 88' lang='lat' dir='ltr'><strong>tanum</strong></span> <span class='ocrx_word' id='word_1_130' title='bbox 526 2690 625 2767; x_wconf 90' lang='lat' dir='ltr'><strong>diem</strong></span> <span class='ocrx_word' id='word_1_131' title='bbox 643 2697 940 2790; x_wconf 84' lang='lat' dir='ltr'><strong>presentauerat.</strong></span> <span class='ocrx_word' id='word_1_132' title='bbox 961 2691 1070 2769; x_wconf 87' lang='lat' dir='ltr'><strong>Vidit</strong></span> <span class='ocrx_word' id='word_1_133' title='bbox 1087 2689 1173 2765; x_wconf 91' lang='lat' dir='ltr'><strong>Rex</strong></span> <span class='ocrx_word' id='word_1_134' title='bbox 1190 2689 1422 2784; x_wconf 71' lang='lat' dir='ltr'><strong>thensaurum,</strong></span> <span class='ocrx_word' id='word_1_135' title='bbox 1444 2689 1497 2764; x_wconf 91' lang='lat' dir='ltr'><strong>si·</strong></span> 
     </span>
     <span class='ocr_line' id='line_1_19' title="bbox 381 2815 1497 2915; baseline -0.003 -22"><span class='ocrx_word' id='word_1_136' title='bbox 381 2819 421 2893; x_wconf 91' lang='lat' dir='ltr'><strong>bi</strong></span> <span class='ocrx_word' id='word_1_137' title='bbox 441 2819 595 2896; x_wconf 91' lang='lat' dir='ltr'><strong>multum</strong></span> <span class='ocrx_word' id='word_1_138' title='bbox 613 2819 770 2915; x_wconf 84' lang='lat' dir='ltr'><strong>gavisus</strong></span> <span class='ocrx_word' id='word_1_139' title='bbox 790 2825 868 2915; x_wconf 85' lang='lat' dir='ltr'><strong>est,</strong></span> <span class='ocrx_word' id='word_1_140' title='bbox 899 2825 937 2894; x_wconf 92' lang='lat' dir='ltr'><strong>et</strong></span> <span class='ocrx_word' id='word_1_141' title='bbox 954 2841 1042 2892; x_wconf 88' lang='lat' dir='ltr'><strong>mox</strong></span> <span class='ocrx_word' id='word_1_142' title='bbox 1061 2817 1225 2892; x_wconf 87' lang='lat' dir='ltr'><strong>clamare</strong></span> <span class='ocrx_word' id='word_1_143' title='bbox 1243 2815 1335 2890; x_wconf 85' lang='lat' dir='ltr'><strong>lecit</strong></span> <span class='ocrx_word' id='word_1_144' title='bbox 1352 2815 1497 2910; x_wconf 85' lang='lat' dir='ltr'><strong>grande</strong></span> 
     </span>
     <span class='ocr_line' id='line_1_20' title="bbox 380 2937 1497 3044; baseline -0.004 -24"><span class='ocrx_word' id='word_1_145' title='bbox 380 2946 533 3021; x_wconf 91' lang='lat' dir='ltr'><strong>bellum.</strong></span> <span class='ocrx_word' id='word_1_146' title='bbox 563 2947 615 3024; x_wconf 90' lang='lat' dir='ltr'><strong>Et</strong></span> <span class='ocrx_word' id='word_1_147' title='bbox 631 2947 672 3020; x_wconf 92' lang='lat' dir='ltr'><strong>in</strong></span> <span class='ocrx_word' id='word_1_148' title='bbox 690 2969 821 3044; x_wconf 89' lang='lat' dir='ltr'><strong>campo</strong></span> <span class='ocrx_word' id='word_1_149' title='bbox 850 2943 998 3041; x_wconf 89' lang='lat' dir='ltr'><strong>Zeghid</strong></span> <span class='ocrx_word' id='word_1_150' title='bbox 1024 2955 1200 3019; x_wconf 77' lang='lat' dir='ltr'><strong>castorem</strong></span> <span class='ocrx_word' id='word_1_151' title='bbox 1227 2950 1317 3040; x_wconf 74' lang='lat' dir='ltr'><strong>fecit</strong></span> <span class='ocrx_word' id='word_1_152' title='bbox 1337 2937 1371 3043; x_wconf 83' lang='grc'><strong>*)</strong></span> <span class='ocrx_word' id='word_1_153' title='bbox 1387 2943 1497 3038; x_wconf 89' lang='lat' dir='ltr'><strong>juxta</strong></span> 
     </span>
    </p>
   </div>
   <div class='ocr_carea' id='block_1_3' title="bbox 383 3067 1608 3168">
    <p class='ocr_par' dir='ltr' id='par_1_3' title="bbox 383 3067 1608 3168">
     <span class='ocr_line' id='line_1_21' title="bbox 383 3067 1608 3168; baseline -0.002 -24"><span class='ocrx_word' id='word_1_154' title='bbox 383 3069 538 3145; x_wconf 89' lang='lat' dir='ltr'><strong>fluuium</strong></span> <span class='ocrx_word' id='word_1_155' title='bbox 557 3071 667 3147; x_wconf 83' lang='lat' dir='ltr'><strong>rPicio</strong></span> <span class='ocrx_word' id='word_1_156' title='bbox 696 3079 735 3146; x_wconf 91' lang='lat' dir='ltr'><strong>et</strong></span> <span class='ocrx_word' id='word_1_157' title='bbox 764 3072 893 3146; x_wconf 89' lang='lat' dir='ltr'><strong>Maros</strong></span> <span class='ocrx_word' id='word_1_158' title='bbox 922 3092 1005 3144; x_wconf 90' lang='lat' dir='ltr'><strong>oum</strong></span> <span class='ocrx_word' id='word_1_159' title='bbox 1024 3067 1220 3164; x_wconf 87' lang='lat' dir='ltr'><strong>Hungaris</strong></span> <span class='ocrx_word' id='word_1_160' title='bbox 1249 3073 1288 3142; x_wconf 93' lang='lat' dir='ltr'><strong>et</strong></span> <span class='ocrx_word' id='word_1_161' title='bbox 1315 3089 1397 3142; x_wconf 90' lang='lat' dir='ltr'><strong>oum</strong></span> <span class='ocrx_word' id='word_1_162' title='bbox 1417 3067 1496 3142; x_wconf 86' lang='lat' dir='ltr'><strong>alia</strong></span> <span class='ocrx_word' id='word_1_163' title='bbox 1605 3163 1608 3168; x_wconf 22' lang='grc' dir='ltr'>Ι</span> 
     </span>
    </p>
   </div>
   <div class='ocr_carea' id='block_1_4' title="bbox 380 3193 1559 4432">
    <p class='ocr_par' dir='ltr' id='par_1_4' title="bbox 380 3193 1559 4432">
     <span class='ocr_line' id='line_1_22' title="bbox 382 3193 1496 3294; baseline 0 -26"><span class='ocrx_word' id='word_1_164' title='bbox 382 3198 491 3272; x_wconf 84' lang='lat' dir='ltr'><strong>uaria</strong></span> <span class='ocrx_word' id='word_1_165' title='bbox 508 3203 643 3294; x_wconf 90' lang='lat' dir='ltr'><strong>gente;</strong></span> <span class='ocrx_word' id='word_1_166' title='bbox 673 3198 784 3274; x_wconf 89' lang='lat' dir='ltr'><strong>etsie</strong></span> <span class='ocrx_word' id='word_1_167' title='bbox 813 3221 836 3272; x_wconf 88' lang='lat' dir='ltr'><strong>a</strong></span> <span class='ocrx_word' id='word_1_168' title='bbox 855 3197 993 3273; x_wconf 80' lang='lat' dir='ltr'><strong>&#39;I&#39;urcis</strong></span> <span class='ocrx_word' id='word_1_169' title='bbox 1021 3219 1146 3271; x_wconf 89' lang='lat' dir='ltr'><strong>arcem</strong></span> <span class='ocrx_word' id='word_1_170' title='bbox 1165 3193 1315 3270; x_wconf 85' lang='lat' dir='ltr'><strong>Sabaoh</strong></span> <span class='ocrx_word' id='word_1_171' title='bbox 1332 3193 1432 3270; x_wconf 89' lang='lat' dir='ltr'><strong>inter</strong></span> <span class='ocrx_word' id='word_1_172' title='bbox 1449 3195 1496 3270; x_wconf 92' lang='lat' dir='ltr'><strong>li·</strong></span> 
     </span>
     <span class='ocr_line' id='line_1_23' title="bbox 382 3320 1495 3420; baseline 0 -24"><span class='ocrx_word' id='word_1_173' title='bbox 382 3324 493 3399; x_wconf 91' lang='lat' dir='ltr'><strong>mites</strong></span> <span class='ocrx_word' id='word_1_174' title='bbox 521 3323 647 3418; x_wconf 89' lang='lat' dir='ltr'><strong>Regni</strong></span> <span class='ocrx_word' id='word_1_175' title='bbox 674 3322 928 3398; x_wconf 89' lang='lat' dir='ltr'><strong>Racienorum</strong></span> <span class='ocrx_word' id='word_1_176' title='bbox 956 3329 1158 3420; x_wconf 90' lang='lat' dir='ltr'><strong>acceperat</strong></span> <span class='ocrx_word' id='word_1_177' title='bbox 1187 3327 1226 3397; x_wconf 90' lang='lat' dir='ltr'><strong>et</strong></span> <span class='ocrx_word' id='word_1_178' title='bbox 1251 3321 1407 3418; x_wconf 91' lang='lat' dir='ltr'><strong>insuper</strong></span> <span class='ocrx_word' id='word_1_179' title='bbox 1432 3320 1495 3396; x_wconf 80' lang='lat' dir='ltr'><strong>&#39;ur-</strong></span> 
     </span>
     <span class='ocr_line' id='line_1_24' title="bbox 382 3447 1495 3546; baseline -0.003 -22"><span class='ocrx_word' id='word_1_180' title='bbox 382 3473 463 3524; x_wconf 89' lang='lat' dir='ltr'><strong>cem</strong></span> <span class='ocrx_word' id='word_1_181' title='bbox 481 3449 621 3526; x_wconf 88' lang='lat' dir='ltr'><strong>Jcicha</strong></span> <span class='ocrx_word' id='word_1_182' title='bbox 648 3449 689 3524; x_wconf 89' lang='lat' dir='ltr'><strong>in</strong></span> <span class='ocrx_word' id='word_1_183' title='bbox 717 3449 850 3546; x_wconf 90' lang='lat' dir='ltr'><strong>Regno</strong></span> <span class='ocrx_word' id='word_1_184' title='bbox 881 3449 1106 3524; x_wconf 81' lang='lat' dir='ltr'><strong>Bonnensis.</strong></span> <span class='ocrx_word' id='word_1_185' title='bbox 1136 3448 1188 3522; x_wconf 84' lang='lat' dir='ltr'><strong>Et</strong></span> <span class='ocrx_word' id='word_1_186' title='bbox 1216 3448 1272 3524; x_wconf 91' lang='lat' dir='ltr'><strong>sio</strong></span> <span class='ocrx_word' id='word_1_187' title='bbox 1299 3447 1385 3522; x_wconf 85' lang='lat' dir='ltr'><strong>Rex</strong></span> <span class='ocrx_word' id='word_1_188' title='bbox 1412 3447 1495 3521; x_wconf 88' lang='lat' dir='ltr'><strong>Ma-</strong></span> 
     </span>
     <span class='ocr_line' id='line_1_25' title="bbox 380 3573 1498 3672; baseline -0.001 -22"><span class='ocrx_word' id='word_1_189' title='bbox 380 3575 481 3652; x_wconf 91' lang='lat' dir='ltr'><strong>thias</strong></span> <span class='ocrx_word' id='word_1_190' title='bbox 500 3576 672 3670; x_wconf 90' lang='lat' dir='ltr'><strong>Regnum</strong></span> <span class='ocrx_word' id='word_1_191' title='bbox 699 3577 846 3672; x_wconf 76' lang='lat' dir='ltr'><strong>tutudit,</strong></span> <span class='ocrx_word' id='word_1_192' title='bbox 875 3574 1061 3672; x_wconf 83' lang='lat' dir='ltr'><strong>usquead</strong></span> <span class='ocrx_word' id='word_1_193' title='bbox 1088 3581 1245 3649; x_wconf 88' lang='lat' dir='ltr'><strong>mortem</strong></span> <span class='ocrx_word' id='word_1_194' title='bbox 1272 3573 1498 3669; x_wconf 88' lang='lat' dir='ltr'><strong>gubernauit</strong></span> 
     </span>
     <span class='ocr_line' id='line_1_26' title="bbox 381 3699 1494 3799; baseline -0.003 -22"><span class='ocrx_word' id='word_1_195' title='bbox 381 3703 550 3779; x_wconf 88' lang='lat' dir='ltr'><strong>habenas</strong></span> <span class='ocrx_word' id='word_1_196' title='bbox 568 3723 667 3778; x_wconf 89' lang='lat' dir='ltr'><strong>snas.</strong></span> <span class='ocrx_word' id='word_1_197' title='bbox 697 3703 749 3776; x_wconf 87' lang='lat' dir='ltr'><strong>Et</strong></span> <span class='ocrx_word' id='word_1_198' title='bbox 775 3725 871 3799; x_wconf 89' lang='lat' dir='ltr'><strong>gens</strong></span> <span class='ocrx_word' id='word_1_199' title='bbox 898 3701 1166 3798; x_wconf 87' lang='lat' dir='ltr'><strong>Hungarorum</strong></span> <span class='ocrx_word' id='word_1_200' title='bbox 1193 3700 1392 3776; x_wconf 78' lang='lat' dir='ltr'><strong>laudetunt</strong></span> <span class='ocrx_word' id='word_1_201' title='bbox 1418 3699 1494 3774; x_wconf 90' lang='lat' dir='ltr'><strong>Re-</strong></span> 
     </span>
     <span class='ocr_line' id='line_1_27' title="bbox 380 3825 1490 3926; baseline -0.003 -23"><span class='ocrx_word' id='word_1_202' title='bbox 380 3849 466 3925; x_wconf 91' lang='lat' dir='ltr'><strong>gem</strong></span> <span class='ocrx_word' id='word_1_203' title='bbox 485 3829 542 3904; x_wconf 90' lang='lat' dir='ltr'><strong>sic</strong></span> <span class='ocrx_word' id='word_1_204' title='bbox 570 3827 767 3906; x_wconf 85' lang='lat' dir='ltr'><strong>dicentes:</strong></span> <span class='ocrx_word' id='word_1_205' title='bbox 802 3829 1056 3926; x_wconf 80' lang='lat' dir='ltr'><strong>„Benedictus</strong></span> <span class='ocrx_word' id='word_1_206' title='bbox 1084 3829 1135 3903; x_wconf 91' lang='lat' dir='ltr'><strong>sit</strong></span> <span class='ocrx_word' id='word_1_207' title='bbox 1161 3827 1247 3902; x_wconf 88' lang='lat' dir='ltr'><strong>Rex</strong></span> <span class='ocrx_word' id='word_1_208' title='bbox 1275 3825 1490 3920; x_wconf 86' lang='lat' dir='ltr'><strong>Mathias;“</strong></span> 
     </span>
     <span class='ocr_line' id='line_1_28' title="bbox 381 3952 1495 4052; baseline -0.004 -22"><span class='ocrx_word' id='word_1_209' title='bbox 381 3955 479 4030; x_wconf 92' lang='lat' dir='ltr'><strong>alios</strong></span> <span class='ocrx_word' id='word_1_210' title='bbox 514 3955 643 4050; x_wconf 91' lang='lat' dir='ltr'><strong>Reges</strong></span> <span class='ocrx_word' id='word_1_211' title='bbox 679 3955 829 4052; x_wconf 90' lang='lat' dir='ltr'><strong>quidem</strong></span> <span class='ocrx_word' id='word_1_212' title='bbox 874 3955 1142 4031; x_wconf 84' lang='lat' dir='ltr'><strong>maledicentes</strong></span> <span class='ocrx_word' id='word_1_213' title='bbox 1177 3959 1264 4051; x_wconf 92' lang='lat' dir='ltr'><strong>post</strong></span> <span class='ocrx_word' id='word_1_214' title='bbox 1300 3952 1495 4028; x_wconf 89' lang='lat' dir='ltr'><strong>decessum</strong></span> 
     </span>
     <span class='ocr_line' id='line_1_29' title="bbox 380 4075 1494 4180; baseline -0.004 -22"><span class='ocrx_word' id='word_1_215' title='bbox 380 4105 499 4158; x_wconf 88' lang='lat' dir='ltr'><strong>suum.</strong></span> <span class='ocrx_word' id='word_1_216' title='bbox 528 4079 779 4173; x_wconf 82' lang='lat' dir='ltr'><strong>Quamobrem</strong></span> <span class='ocrx_word' id='word_1_217' title='bbox 807 4079 892 4156; x_wconf 91' lang='lat' dir='ltr'><strong>Rex</strong></span> <span class='ocrx_word' id='word_1_218' title='bbox 922 4077 1124 4156; x_wconf 85' lang='lat' dir='ltr'><strong>Ladislaus</strong></span> <span class='ocrx_word' id='word_1_219' title='bbox 1144 4077 1313 4155; x_wconf 80' lang='lat' dir='ltr'><strong>Gazimir</strong></span> <span class='ocrx_word' id='word_1_220' title='bbox 1333 4075 1388 4180; x_wconf 85' lang='grc'><strong>**)</strong></span> <span class='ocrx_word' id='word_1_221' title='bbox 1408 4103 1494 4176; x_wconf 89' lang='lat' dir='ltr'><strong>per·</strong></span> 
     </span>
     <span class='ocr_line' id='line_1_30' title="bbox 381 4203 1555 4304; baseline -0.003 -22"><span class='ocrx_word' id='word_1_222' title='bbox 381 4208 436 4282; x_wconf 94' lang='lat' dir='ltr'><strong>dit</strong></span> <span class='ocrx_word' id='word_1_223' title='bbox 453 4231 565 4284; x_wconf 88' lang='lat' dir='ltr'><strong>arces</strong></span> <span class='ocrx_word' id='word_1_224' title='bbox 593 4216 741 4283; x_wconf 90' lang='lat' dir='ltr'><strong>centnm</strong></span> <span class='ocrx_word' id='word_1_225' title='bbox 769 4215 807 4283; x_wconf 93' lang='lat' dir='ltr'><strong>et</strong></span> <span class='ocrx_word' id='word_1_226' title='bbox 834 4208 971 4304; x_wconf 86' lang='lat' dir='ltr'><strong>viginti</strong></span> <span class='ocrx_word' id='word_1_227' title='bbox 998 4230 1087 4282; x_wconf 89' lang='lat' dir='ltr'><strong>oum</strong></span> <span class='ocrx_word' id='word_1_228' title='bbox 1107 4205 1186 4281; x_wconf 89' lang='lat' dir='ltr'><strong>lilio</strong></span> <span class='ocrx_word' id='word_1_229' title='bbox 1214 4227 1281 4280; x_wconf 90' lang='lat' dir='ltr'><strong>suo</strong></span> <span class='ocrx_word' id='word_1_230' title='bbox 1300 4203 1494 4280; x_wconf 84' lang='lat' dir='ltr'><strong>Ludovico</strong></span> <span class='ocrx_word' id='word_1_231' title='bbox 1550 4261 1555 4270; x_wconf 91' lang='lat'>.</span> 
     </span>
     <span class='ocr_line' id='line_1_31' title="bbox 381 4332 1559 4432; baseline -0.004 -22"><span class='ocrx_word' id='word_1_232' title='bbox 381 4335 500 4430; x_wconf 85' lang='lat' dir='ltr'><strong>Rege,</strong></span> <span class='ocrx_word' id='word_1_233' title='bbox 520 4335 619 4431; x_wconf 90' lang='lat' dir='ltr'><strong>quod</strong></span> <span class='ocrx_word' id='word_1_234' title='bbox 637 4341 697 4410; x_wconf 90' lang='lat' dir='ltr'><strong>est</strong></span> <span class='ocrx_word' id='word_1_235' title='bbox 715 4332 843 4411; x_wconf 86' lang='lat' dir='ltr'><strong>flebile</strong></span> <span class='ocrx_word' id='word_1_236' title='bbox 861 4334 1127 4432; x_wconf 88' lang='lat' dir='ltr'><strong>Hungarorum</strong></span> <span class='ocrx_word' id='word_1_237' title='bbox 1148 4337 1330 4430; x_wconf 88' lang='lat' dir='ltr'><strong>perpetue</strong></span> <span class='ocrx_word' id='word_1_238' title='bbox 1351 4337 1421 4406; x_wconf 87' lang='lat' dir='ltr'><strong>ete.</strong></span> <span class='ocrx_word' id='word_1_239' title='bbox 1557 4369 1559 4380; x_wconf 77' lang='lat'><em>=</em></span> 
     </span>
    </p>
   </div>
   <div class='ocr_carea' id='block_1_5' title="bbox 379 4493 645 4506">
    <p class='ocr_par' dir='ltr' id='par_1_5' title="bbox 379 4493 645 4506">
     <span class='ocr_line' id='line_1_32' title="bbox 379 4493 645 4506; baseline 0 -2"><span class='ocrx_word' id='word_1_240' title='bbox 379 4493 645 4506; x_wconf 54' lang='grc' dir='ltr'><strong>-ι--ο--μ-..ι</strong></span> 
     </span>
    </p>
   </div>
   <div class='ocr_carea' id='block_1_6' title="bbox 380 4559 1491 4725">
    <p class='ocr_par' dir='ltr' id='par_1_6' title="bbox 380 4559 1491 4725">
     <span class='ocr_line' id='line_1_33' title="bbox 413 4559 1491 4640; baseline -0.005 -17"><span class='ocrx_word' id='word_1_241' title='bbox 413 4566 446 4632; x_wconf 72' lang='lat'><strong>*)</strong></span> <span class='ocrx_word' id='word_1_242' title='bbox 466 4565 531 4624; x_wconf 81' lang='lat' dir='ltr'><strong>llds</strong></span> <span class='ocrx_word' id='word_1_243' title='bbox 551 4567 680 4640; x_wconf 83' lang='lat' dir='ltr'><strong>egykoru</strong></span> <span class='ocrx_word' id='word_1_244' title='bbox 701 4566 756 4624; x_wconf 80' lang='lat' dir='ltr'><strong>kdn</strong></span> <span class='ocrx_word' id='word_1_245' title='bbox 778 4585 849 4624; x_wconf 78' lang='lat' dir='ltr'><strong>enen</strong></span> <span class='ocrx_word' id='word_1_246' title='bbox 861 4565 912 4624; x_wconf 75' lang='lat' dir='ltr'><strong>ket</strong></span> <span class='ocrx_word' id='word_1_247' title='bbox 924 4569 987 4624; x_wconf 82' lang='lat' dir='ltr'><strong>szdt</strong></span> <span class='ocrx_word' id='word_1_248' title='bbox 1007 4563 1189 4634; x_wconf 63' lang='lat' dir='ltr'><strong>difficillimo,</strong></span> <span class='ocrx_word' id='word_1_249' title='bbox 1204 4561 1277 4618; x_wconf 83' lang='lat' dir='ltr'><strong>aaok</strong></span> <span class='ocrx_word' id='word_1_250' title='bbox 1290 4561 1402 4635; x_wconf 79' lang='lat' dir='ltr'><strong>helyett</strong></span> <span class='ocrx_word' id='word_1_251' title='bbox 1415 4559 1491 4634; x_wconf 83' lang='lat' dir='ltr'><strong>irja:</strong></span> 
     </span>
     <span class='ocr_line' id='line_1_34' title="bbox 380 4659 715 4725; baseline 0 -14"><span class='ocrx_word' id='word_1_252' title='bbox 380 4661 497 4725; x_wconf 79' lang='lat' dir='ltr'><strong>„castra</strong></span> <span class='ocrx_word' id='word_1_253' title='bbox 507 4661 631 4712; x_wconf 86' lang='lat' dir='ltr'><strong>metatus</strong></span> <span class='ocrx_word' id='word_1_254' title='bbox 643 4659 715 4714; x_wconf 56' lang='grc' dir='ltr'><strong>αι’(</strong></span> 
     </span>
    </p>
   </div>
   <div class='ocr_carea' id='block_1_7' title="bbox 415 4725 899 4820">
    <p class='ocr_par' dir='ltr' id='par_1_7' title="bbox 415 4725 899 4820">
     <span class='ocr_line' id='line_1_35' title="bbox 415 4725 899 4820; baseline -0.004 -16"><span class='ocrx_word' id='word_1_255' title='bbox 415 4747 469 4814; x_wconf 72' lang='lat' dir='ltr'><strong>aq</strong></span> <span class='ocrx_word' id='word_1_256' title='bbox 483 4725 599 4803; x_wconf 70' lang='lat' dir='ltr'><strong>drusun</strong></span> <span class='ocrx_word' id='word_1_257' title='bbox 611 4747 647 4806; x_wconf 92' lang='lat'><strong>11.</strong></span> <span class='ocrx_word' id='word_1_258' title='bbox 663 4747 781 4806; x_wconf 71' lang='lat' dir='ltr'><strong>urano</strong></span> <span class='ocrx_word' id='word_1_259' title='bbox 793 4746 899 4820; x_wconf 72' lang='lat' dir='ltr'><strong>kirtly.</strong></span> 
     </span>
    </p>
   </div>
   <div class='ocr_carea' id='block_1_8' title="bbox 0 0 1652 5208">
    <p class='ocr_par' dir='ltr' id='par_1_8' title="bbox 0 0 1652 5208">
     <span class='ocr_line' id='line_1_36' title="bbox 0 0 1652 5208; baseline 0 2"><span class='ocrx_word' id='word_1_260' title='bbox 0 0 1652 5208; x_wconf 95' lang='lat' dir='ltr'><strong> </strong></span> 
     </span>
    </p>
   </div>
  </div>
 </body>
</html>
