3238 5228
365 421 442 500 282

365 619 442 697 rico
461 618 599 720 Gybak
618 620 793 718 episcopo
812 617 1072 714 waradiensi,
1101 619 1182 718 ipse
1207 620 1332 696 statim
1351 621 1489 700 veniet

365 753 575 843 cumgente
594 769 729 842 magna
748 745 797 821 ad
814 745 1012 822 iuuandum
1032 746 1137 822 nos.“
1161 746 1245 840 Ego
1264 745 1341 822 dixi
1361 775 1370 822 ε
1395 746 1489 844 „Ita

364 875 489 950 veniet
516 873 563 949 ad
596 851 850 972 adjurandam
882 870 1071 969 Majestati
1110 873 1267 967 Vestra,
1306 874 1404 950 sicut
1445 875 1488 952 in

362 997 461 1075 Auia
479 997 514 1100 *)
542 1001 603 1076 vel
622 1000 660 1074 in
679 997 881 1098 Thokap.“
912 997 1021 1074 Dixit
1039 998 1130 1074 mihi
1150 1026 1159 1072 ι
1184 998 1334 1096 ,Tace,
1364 1007 1485 1099 pater

365 1123 543 1223 Georgi.“
576 1125 626 1200 Et
653 1125 779 1201 statim
806 1146 1063 1224 precursorem
1091 1125 1190 1201 misit
1214 1134 1299 1224 post
1317 1125 1485 1224 Turcos,

365 1254 428 1352 qui
446 1258 532 1332 sunt
549 1251 747 1351 prescripti
766 1274 893 1349 super,
915 1257 952 1325 et
970 1259 1162 1327 venerunt.

469 1377 584 1456 Venit
601 1375 813 1452 Ludouicus
842 1373 958 1452 Gritti
984 1398 1066 1453 cnm
1084 1377 1227 1452 familia
1245 1400 1331 1472 sua,
1351 1385 1391 1453 et
1413 1380 1488 1456 ha-

358 1503 443 1578 buit
461 1501 618 1578 ducenta
644 1501 790 1600 pedites
809 1523 891 1577 cum
911 1501 1118 1598 equitibus;
1145 1503 1247 1578 venit
1264 1527 1378 1603 super
1397 1503 1486 1582 Da·

364 1628 466 1705 nubii
494 1627 560 1704 flni
587 1628 723 1705 Petrus
757 1626 967 1704 Othorowit
994 1651 1079 1704 cum
1105 1629 1305 1706 Traoianis
1332 1630 1487 1708 mixtim

364 1777 446 1830 cum
465 1753 603 1832 Turcis
622 1761 835 1849 octocenta;
855 1763 893 1831 et
911 1754 1355 1832 catzoncumbesliauus
1374 1759 1490 1834 venit

363 1883 549 1958 sexcentis
576 1882 773 1980 equitibus.
804 1881 854 1956 Et
873 1890 954 1960 erat
978 1905 1059 1958 cum
1079 1882 1228 1959 Joannc
1246 1881 1352 1979 Rege
1371 1882 1487 1958 uuo-

363 2030 443 2084 mas
462 2007 621 2085 Nadasti
640 2009 748 2107 quasi
776 2009 944 2104 friuola3
974 2016 1012 2084 et
1040 2009 1143 2085 venit
1170 2006 1307 2108 Cybak
1331 2014 1487 2084 tantum

363 2156 445 2209 cum
475 2135 555 2210 suis
583 2135 798 2212 curialibus.
826 2133 876 2210 Et
894 2133 976 2211 Rex
996 2135 1266 2229 admirabatur,
1294 2133 1394 2232 quod
1414 2143 1486 2211 tm.

363 2268 511 2356 gentem
538 2284 613 2337 non
640 2260 809 2338 duxisset
827 2284 909 2336 cum
928 2285 984 2338 eo.
1014 2261 1089 2336 Hic
1107 2259 1188 2336 Rex
1203 2263 1281 2358 jam
1300 2263 1486 2338 recorda·

362 2395 422 2464 tus
442 2395 523 2465 erat
550 2389 678 2466 verbis
706 2388 809 2464 meis.
838 2389 888 2464 Et
916 2389 1132 2465 Pestienses
1160 2389 1266 2463 multi
1294 2399 1488 2466 venerant

363 2515 463 2590 circa
490 2513 634 2610 Regem
671 2513 875 2610 Joannem,
906 2522 943 2588 et
970 2513 1162 2590 Budenses
1199 2514 1366 2590 totaliter
1394 2537 1486 2591 cum

362 2640 470 2738 Rege
498 2649 616 2717 erant.
652 2641 701 2716 Et
728 2649 809 2718 erat
842 2664 938 2718 unus
975 2641 1082 2717 miles
1120 2641 1303 2740 Kaspono
1332 2638 1485 2736 Mathe,

362 2768 540 2846 amiserat
567 2769 718 2844 Petrum
738 2767 857 2868 Priny
876 2774 912 2843 et
931 2767 1119 2844 seruiebat
1145 2765 1354 2864 Regiestati
1385 2765 1486 2843 fide-

362 2895 460 2972 liter.
496 2895 590 2974 Erat
616 2919 712 2972 vnua
749 2894 969 2995 Kwnowytt
1004 2894 1205 2980 Nicolaus,
1244 2901 1325 2970 erat
1351 2893 1488 2972 milles

365 3020 511 3131 Zoplria
529 3021 677 3098 Petrus.
708 3020 803 3096 Erat
815 3022 894 3118 joam
921 3018 1145 3098 Francisous
1171 3019 1348 3114 Horwat,
1378 3019 1485 3098 idem

362 3143 522 3222 Horwat
541 3145 696 3222 Michal.
726 3143 825 3236 Quia
849 3145 928 3242 jam
946 3145 1063 3222 frater
1091 3143 1280 3241 Georgius
1300 3143 1486 3224 Oroakus

363 3279 463 3367 erat,
493 3274 639 3372 etipse
674 3273 782 3370 quasi
812 3279 1073 3348 conterraneos
1108 3271 1270 3348 habebat
1309 3269 1485 3351 Oroanna

363 3399 510 3476 multos.

467 3525 562 3602 Erat
580 3523 663 3600 Rex
682 3523 710 3602 J
712 3547 852 3601 oannes
871 3525 957 3624 plus
976 3547 1087 3622 quam
1098 3525 1169 3601 duo
1179 3525 1284 3602 milia
1294 3525 1483 3622 virorum3

363 3660 400 3728 et
419 3648 601 3730 Germani
621 3657 729 3727 erant
748 3651 786 3726 in
805 3673 959 3727 numero
979 3673 1111 3727 nouem
1131 3653 1247 3746 milia,
1268 3659 1306 3726 et
1323 3651 1487 3750 insuper

362 3801 480 3878 aquas
498 3785 680 3856 venerunt
708 3777 889 3856 Germani
908 3786 1081 3876 quattuor
1109 3779 1227 3855 decim
1247 3801 1328 3856 cnm
1347 3777 1484 3874 galiis,

364 3913 401 3980 et
419 3906 660 3984 natandones
679 3913 786 3983 erant
804 3907 1073 4004 quadraginta;
1094 3915 1131 3983 et
1148 3908 1245 3983 inter
1263 3905 1387 4002 galias
1401 3929 1485 3982 vna

363 4031 521 4108 aliarum
542 4055 678 4128 magna
696 4040 813 4128 erant,
835 4039 872 4107 et
889 4055 1023 4129 magne
1042 4033 1169 4130 ingeni
1187 4033 1299 4132 plena
1317 4038 1419 4125 erat,
1444 4041 1487 4107 et

363 4181 445 4234 cum
473 4159 660 4235 velamine
698 4159 863 4258 aplioata
891 4167 997 4237 erant
1015 4157 1108 4259 Ἆρ’·
1143 4167 1180 4233 et
1206 4159 1275 4234 illa
1303 4181 1485 4254 magnam

362 4284 502 4380 galiam
531 4305 676 4361 scorum
704 4284 928 4362 descendere
955 4285 1203 4384 permiserunt
1230 4306 1340 4383 super
1367 4285 1487 4380 aquis

363 4431 444 4486 cum
464 4410 627 4506 ingeniis
646 4411 726 4487 suis
745 4434 862 4511 prope
891 4419 928 4486 et
956 4411 1094 4488 directe
1124 4409 1262 4488 Sancto
1290 4407 1486 4488 Anthonio

362 4537 608 4614 monasteriis.

362 4661 623 4672 ---——..—.-

398 4695 427 4760 a)
446 4672 563 4749 Ertetik
583 4692 676 4748 Onod.
