3260 5226
426 479 582 600 sun⁸

426 683 529 760 aliud
547 687 795 782 potestesse,
816 677 883 760 scd
903 681 1014 760 debet
1027 683 1107 780 jam
1125 681 1202 780 ire3
1222 680 1442 784 preparabit
1459 707 1552 762 sese

425 809 474 886 ad
491 810 698 908 profectum
718 809 842 886 itiner.

531 936 612 1034 Ipsi
641 935 789 1033 quidem
817 937 927 1014 ambo
946 936 1084 1016 Petrus
1102 937 1210 1015 Prini
1228 945 1266 1014 et
1282 939 1400 1018 trater
1420 937 1550 1016 Geor·

424 1063 512 1160 gius
531 1064 643 1140 valde
653 1063 842 1140 habebant
860 1063 1019 1140 invicem
1029 1065 1259 1161 amiciciam
1278 1075 1422 1142 secrete
1432 1068 1549 1142 ambo

424 1191 688 1288 decreuerunt,
722 1193 820 1288 quod
858 1213 970 1268 vnum
1008 1193 1196 1270 doctorem
1232 1193 1377 1272 fisicum
1403 1193 1546 1272 Italum

424 1341 506 1396 cum
534 1319 770 1416 legatoribus
798 1317 1045 1414 Femineum,
1066 1325 1104 1393 et
1121 1320 1192 1396 iste
1220 1319 1347 1398 tisicus
1374 1329 1460 1398 erat
1477 1344 1547 1420 per

424 1447 541 1541 dona,
563 1453 602 1522 et
618 1469 688 1544 per
705 1445 893 1544 promissa
920 1447 1037 1522 multa
1056 1469 1125 1545 per
1144 1447 1297 1524 Petrum
1315 1448 1436 1548 Priny
1456 1471 1545 1524 oon·

422 1575 584 1666 efflatus,
603 1573 702 1669 quod
721 1580 869 1672 oportet
886 1595 968 1651 cum
987 1572 1094 1668 Rege
1112 1573 1139 1650 J
1141 1597 1261 1652 caune
1281 1575 1343 1650 vel
1360 1575 1544 1671 quomodo

391 1699 600 1775 'medicari
637 1701 768 1795 ipsum.
808 1701 859 1775 Et
885 1700 1007 1798 ipsum
1036 1698 1179 1776 fisioum
1216 1699 1544 1779 commendauerat

422 1827 569 1922 Italum,
588 1832 626 1904 et
634 1827 959 1903 commendauerat
977 1847 1018 1904 se
1037 1827 1159 1924 ipsum
1177 1828 1295 1904 ceiam
1306 1849 1387 1904 cum
1407 1829 1543 1905 fauore

424 1957 541 2032 verba
558 1977 639 2050 sua,
660 1961 700 2028 vt
718 1955 791 2032 sibi
811 1955 990 2050 elegisset
1004 1957 1139 2032 bonum
1149 1955 1331 2036 medicum
1350 1955 1541 2034 doctorem

429 2079 503 2184 1⁰5l
528 2083 576 2157 ad
603 2077 964 2162 Transsilwaniam(
988 2081 1052 2158 vbi
1071 2080 1151 2158 Rex
1172 2083 1432 2180 egrotabatur‚
1455 2105 1537 2160 curn

421 2208 653 2303 legatoribus
672 2207 771 2304 Regi
790 2207 1029 2284 Ferdinandi.

527 2332 696 2432 Cumque
731 2333 939 2409 audiuisset
976 2331 1167 2428 Georgius
1206 2333 1409 2428 heremita,
1440 2333 1538 2432 quod

421 2461 556 2539 Petrus
581 2462 702 2561 Priny
730 2483 857 2537 euram
885 2459 1082 2537 habuisset
1099 2461 1145 2536 de
1164 2461 1326 2538 sanitate
1345 2459 1454 2557 Rege
1470 2461 1537 2538 Jo-

419 2589 548 2685 annis‚
578 2613 661 2666 mox
685 2587 800 2663 hilari
829 2587 909 2662 vltu
930 2587 1095 2662 cucurrit
1113 2587 1162 2662 ad
1179 2586 1343 2684 Regem,
1365 2595 1403 2662 et
1421 2588 1535 2664 dixit:

423 2714 605 2810 „Domine
630 2713 713 2790 Rex
742 2712 1050 2808 clementissime,
1074 2715 1154 2810 jum
1183 2715 1270 2790 volo
1297 2715 1353 2791 ire
1370 2713 1411 2790 in
1429 2716 1535 2812 lega

280 2916 284 2922 .
421 2841 567 2917 cionem
586 2863 678 2936 erge
696 2837 875 2916 Cesarem
895 2839 1104 2916 Turearum
1114 2839 1162 2915 ad
1171 2840 1300 2916 vrbem
1319 2837 1536 2918 Constanti·

417 2967 707 3064 nopolitanam.“
740 2965 791 3040 Et
809 2966 925 3042 mouit
942 2990 984 3043 se
1004 2965 1052 3042 ad
1070 2966 1152 3062 iter,
1172 2973 1210 3042 et
1228 2989 1386 3064 cumque
1402 2991 1535 3066 perve-

417 3095 537 3170 nisset
563 3093 611 3168 ad
639 3092 871 3192 provinciam
899 3091 1108 3190 Haohagb‚
1125 3101 1175 3168 ,et
1205 3093 1246 3168 in
1265 3115 1349 3168 erec
1369 3091 1534 3195 Hunyarl

415 3242 459 3296 se
477 3227 647 3318 egrotum
673 3220 808 3297 iterum
836 3219 926 3296 fecit
952 3243 1014 3316 se3
1044 3220 1133 3318 quia
1159 3219 1322 3314 sciebat,
1353 3221 1453 3318 quod
1479 3221 1533 3296 in·

415 3345 531 3424 trabit
550 3346 598 3422 ad
616 3345 794 3422 Turciam
822 3346 921 3443 quod
949 3347 1143 3445 penitebst
1161 3369 1257 3424 eum.
1286 3347 1421 3422 Eciam
1439 3347 1533 3426 scie·

415 3475 501 3570 bat,
531 3473 630 3571 quod
656 3497 725 3572 per
753 3471 896 3550 fisieum
933 3471 1070 3549 Italum
1108 3473 1248 3550 oblitus
1279 3473 1351 3550 erit
1377 3473 1463 3550 Rex
1488 3473 1533 3550 de

418 3603 572 3678 racione
591 3600 797 3700 accipiendi
817 3623 884 3698 per
893 3599 1113 3698 meanos,
1132 3601 1535 3700 asscriptasthabulas

415 3729 464 3804 nd
481 3751 673 3805 secessum
691 3734 860 3827 portare3
881 3728 979 3824 quod
997 3727 1166 3806 dominus
1184 3727 1382 3806 Emericus
1401 3725 1532 3805 Bebck

303 3924 309 3936 .
416 3857 545 3933 alebat
561 3857 685 3954 ipsum
703 3877 787 3931 cum
806 3855 997 3952 aliquibus
1016 3855 1109 3934 estis
1126 3855 1248 3933 bonis.

521 3983 548 4061 J
550 4007 611 4058 am
629 3983 713 4058 Rex
732 3983 779 4058 de
797 3981 859 4058 die
878 3982 916 4058 iu
935 3982 1016 4060 dies
1035 3987 1188 4081 ceperat
1205 4003 1361 4078 surgere
1371 3980 1417 4058 dc
1436 3981 1532 4058 lecto

414 4118 453 4186 et
470 4111 510 4186 iu
530 4112 680 4210 palacio
699 4113 879 4208 morabut,
901 4131 1012 4208 quum
1032 4109 1153 4188 Italus
1163 4109 1327 4186 medicus
1345 4131 1388 4185 se
1408 4115 1531 4186 osten·

413 4238 497 4314 den.
526 4261 609 4315 cum
626 4239 765 4316 litteris
783 4237 886 4314 Petri
906 4237 1037 4338 Priny.
1067 4238 1119 4314 Et
1142 4236 1225 4314 Rex
1253 4237 1452 4336 perlegere
1478 4235 1531 4310 ie·

413 4373 520 4442 cerat
537 4366 701 4442 litteram
720 4365 825 4440 Petri
844 4387 927 4442 cum
946 4364 1121 4442 Emerioo
1141 4364 1294 4460 Bebelr‚
1323 4369 1362 4440 et
1380 4363 1475 4440 satis
1492 4385 1531 4440 se

413 4491 694 4570 commendasse
712 4489 922 4588 Regiestati
940 4490 979 4566 in
997 4491 1150 4590 seriptis
1168 4491 1259 4568 suis.
1280 4489 1444 4568 Dicebat
1461 4487 1528 4566 sibi

414 4618 608 4696 Rmericus
636 4619 768 4696 Bebek
789 4646 797 4692 ι
822 4616 954 4712 „Quod
984 4639 1025 4694 sc
1053 4639 1126 4692 uon
1154 4615 1356 4694 confideret
1383 4615 1526 4716 penitus
