3226 5220
404 457 481 570 111

401 691 585 791 Majestas
619 711 705 768 sese
739 686 917 789 imposuit
952 685 1001 764 ad
1035 687 1285 785 1119111111ιῆ
1322 694 1361 764 et
1396 685 1516 765 noluit

259 833 262 840 '
400 842 544 896 mecum
566 825 712 918 piscare
739 828 802 893 cot
830 820 1036 893 commodam
1062 817 1133 890 aidi
1157 840 1287 891 mecam
1321 841 1517 913 repressa·

400 961 483 1024 tare
501 943 557 1049 ss)
585 951 623 1019 et
648 944 755 1019 nulla
781 943 829 1016 ad
857 964 1006 1018 manum
1033 939 1125 1016 mihi
1153 940 1369 1018 contulisse.
1399 943 1517 1052 Et'in

402 1073 509 1150 Buda
544 1071 651 1148 sedet
683 1071 761 1146 Sua
793 1067 977 1168 Majestas
1004 1074 1183 1165 tanquam
1218 1077 1355 1146 mutus.
1391 1069 1516 1166 Nunc,

400 1201 517 1298 ercle,
538 1197 629 1274 mihi
647 1196 949 1294 graciosissimus
976 1193 1237 1273 Ferdinandus
1255 1201 1311 1271 tot
1328 1195 1519 1295 stipendia

400 1327 591 1422 contullit,
620 1331 659 1399 et
676 1323 937 1424 possessiones
967 1321 1059 1398 mihi
1087 1321 1241 1421 insuper
1267 1323 1459 1424 promisit,
1479 1331 1519 1398 et

399 1453 520 1530 habeo
549 1451 815 1528 donacionales
845 1450 970 1526 littere
999 1472 1082 1525 cum
1110 1449 1250 1548 sigillis
1268 1450 1449 1548 pandum,
1480 1457 1520 1525 et

399 1581 526 1657 nescio
541 1581 621 1678 jam
640 1577 714 1654 sibi
731 1576 917 1653 reseruirc
936 1576 1111 1674 amplius.
1130 1575 1242 1653 Nunc
1259 1599 1342 1652 sum
1357 1579 1427 1654 sub
1443 1575 1518 1652 fide

399 1705 628 1782 Ferdinandi
655 1703 776 1800 Regis
803 1724 955 1799 seruus,
991 1726 1081 1799 ergo
1109 1703 1149 1778 in
1176 1727 1234 1778 mc
1259 1703 1441 1780 hactenus
1469 1727 1519 1779 ne

399 1832 572 1910 confidat.
603 1831 645 1908 Si
663 1832 747 1930 ipse
765 1854 840 1906 non
867 1830 981 1905 habet
1000 1851 1207 1928 expensas,
1229 1853 1299 1927 ego
1319 1832 1413 1908 satis
1432 1827 1519 1932 (ha-

399 1956 522 2060 beo).“
553 1958 606 2033 Et
623 1958 728 2033 mille
755 1955 919 2032 florenos
946 1955 1151 2032 destinauit
1168 1955 1217 2032 ad
1234 1955 1379 2052 Regem
1396 1955 1424 2034 J
1426 1979 1518 2033 oan-

400 2110 505 2182 nem,
534 2093 572 2161 et
600 2107 798 2184 precursor
825 2083 976 2160 obtullit
1003 2082 1039 2157 ei
1057 2105 1214 2160 munera
1240 2105 1371 2159 aurum
1399 2083 1519 2161 mille.

400 2215 525 2308 Quum
547 2217 628 2313 jam
655 2235 855 2313 precursor
882 2211 980 2308 Regi
1007 2213 1236 2289 relacionem
1254 2235 1380 2288 coram
1398 2212 1520 2288 domi-

399 2341 478 2438 nis,
513 2341 795 2418 admirabantur
822 2339 868 2414 de
896 2338 1090 2437 responsis
1117 2339 1197 2416 suis
1224 2337 1360 2415 Jowan
1385 2336 1519 2416 Chari.

399 2468 548 2547 Auarus
576 2489 724 2566 semper
750 2467 849 2542 solet
874 2466 1020 2542 demum
1049 2466 1342 2564 quadrupliciter
1360 2487 1519 2565 pensam

397 2597 549 2674 habere.
570 2593 669 2687 Quia
688 2615 831 2693 pauper
848 2591 1017 2670 loannes
1042 2591 1127 2670 Rex
1145 2592 1256 2668 valde
1275 2614 1414 2668 auarus
1433 2604 1522 2670 erat

399 2732 437 2799 et
453 2725 564 2823 piger
582 2729 674 2818 erat,
686 2721 978 2818 nonvigilabat3
998 2727 1035 2796 et
1053 2721 1165 2797 nimis
1183 2719 1404 2798 deridebant
1418 2721 1521 2798 clam

399 2849 543 2945 Regem
570 2849 775 2944 Joannem‚
797 2844 887 2950 ⁴⁶·lv·
918 2847 1018 2946 quod
1045 2870 1232 2948 expensas
1261 2847 1522 2925 destinauerat

399 2975 539 3053 Joanni
559 2973 657 3070 Regi
677 2981 747 3050 etc.

690 3276 1022 3385 (cnrrnunum
1057 3277 1218 3385 xum).

322 3501 329 3514 .
398 3447 487 3522 iam
504 3447 552 3521 de
568 3446 683 3521 Patro
700 3445 806 3520 Prini
823 3447 1011 3540 quomodo
1038 3447 1211 3522 duellum
1239 3448 1407 3522 habebat
1425 3467 1521 3522 cum

591 3573 700 3668 nigro
717 3573 869 3648 homine
881 3571 997 3670 juxta
1013 3573 1082 3648 dui
1099 3573 1319 3650 1111111111,

504 3807 594 3887 Jam
611 3831 702 3908 sepe
719 3805 873 3906 vigebat
889 3806 929 3884 in
947 3807 1052 3884 curia
1078 3806 1198 3905 Regis
1224 3807 1385 3888 ioannis
1409 3803 1521 3886 Bude

400 3935 497 4014 inter
523 3934 626 4012 ciues
652 3933 791 4029 eciam,
826 3933 924 4031 quod
951 3933 1087 4012 Petrus
1113 3933 1220 4012 Prini
1246 3933 1380 4010 inisset
1413 3933 1523 4032 apud

400 4061 543 4158 Regem
570 4059 848 4137 Ferdinandum
865 4059 905 4136 in
921 4081 997 4136 vna
1024 4060 1135 4158 nigra
1160 4063 1290 4157 girba,
1319 4068 1357 4136 et
1375 4059 1521 4138 multus

403 4185 587 4272 vidissent
604 4209 688 4264 eum
707 4188 895 4264 ambulan.
913 4245 922 4264 .
942 4187 1099 4266 Interim
1116 4189 1221 4264 venit
1238 4187 1287 4265 ad
1305 4187 1448 4264 Budam
1466 4189 1522 4264 ad

401 4315 567 4413 Regem,
586 4324 726 4390 etcum
749 4315 969 4391 adulacione
997 4339 1136 4413 magna
1162 4322 1339 4415 tanquam
1367 4313 1521 4392 Scarict

401 4449 590 4542 resumpto
618 4441 741 4519 animo
769 4443 844 4518 mel
870 4441 1097 4543 procedebat
1115 4441 1160 4518 de
1178 4465 1259 4541 ore,
1279 4448 1444 4520 attamen
1463 4443 1520 4518 iel

471 4713 504 4778 ⁸)
522 4710 603 4766 11111
624 4709 834 4779 „surdltutaun‘t
854 4709 913 4769 nt·
931 4709 985 4767 ks:
999 4711 1114 4784 jarim
1132 4713 1181 4777 „in
1198 4710 1376 4769 ssseneiurn.··

447 4801 500 4872 ”J
520 4799 584 4857 tter
602 4797 657 4855 kin
670 4799 806 4874 jovem:
828 4800 954 4874 „aliquid
973 4798 1169 4858 hausturum
