<?xml version="1.0" encoding="UTF-8"?>
<!DOCTYPE html PUBLIC "-//W3C//DTD XHTML 1.0 Transitional//EN"
    "http://www.w3.org/TR/xhtml1/DTD/xhtml1-transitional.dtd">
<html xmlns="http://www.w3.org/1999/xhtml" xml:lang="en" lang="en">
 <head>
  <title>
</title>
<meta http-equiv="Content-Type" content="text/html;charset=utf-8" />
  <meta name='ocr-system' content='tesseract 3.04.00' />
  <meta name='ocr-capabilities' content='ocr_page ocr_carea ocr_par ocr_line ocrx_word'/>
</head>
<body>
  <div class='ocr_page' id='page_1' title='image "./emlkiratamagyar00wenzgoog_0309.png"; bbox 0 0 3238 5228; ppageno 0'>
   <div class='ocr_carea' id='block_1_1' title="bbox 372 531 450 612">
    <p class='ocr_par' dir='ltr' id='par_1_1' title="bbox 372 531 450 612">
     <span class='ocr_line' id='line_1_1' title="bbox 372 531 450 612; baseline 0 -1"><span class='ocrx_word' id='word_1_1' title='bbox 372 531 450 612; x_wconf 75' lang='lat' dir='ltr'><strong>aba</strong></span> 
     </span>
    </p>
   </div>
   <div class='ocr_carea' id='block_1_2' title="bbox 368 729 1501 2600">
    <p class='ocr_par' dir='ltr' id='par_1_2' title="bbox 368 729 1501 2600">
     <span class='ocr_line' id='line_1_2' title="bbox 374 729 1501 831; baseline -0.002 -23"><span class='ocrx_word' id='word_1_2' title='bbox 374 757 504 810; x_wconf 88' lang='lat' dir='ltr'><strong>manus</strong></span> <span class='ocrx_word' id='word_1_3' title='bbox 523 733 671 811; x_wconf 82' lang='lat' dir='ltr'><strong>Tureas</strong></span> <span class='ocrx_word' id='word_1_4' title='bbox 689 756 756 808; x_wconf 85' lang='lat' dir='ltr'><strong>arx</strong></span> <span class='ocrx_word' id='word_1_5' title='bbox 781 733 905 826; x_wconf 92' lang='lat' dir='ltr'><strong>Buda,</strong></span> <span class='ocrx_word' id='word_1_6' title='bbox 926 735 964 808; x_wconf 92' lang='lat' dir='ltr'><strong>et</strong></span> <span class='ocrx_word' id='word_1_7' title='bbox 982 729 1151 807; x_wconf 81' lang='lat' dir='ltr'><strong>Thomas</strong></span> <span class='ocrx_word' id='word_1_8' title='bbox 1180 729 1254 806; x_wconf 81' lang='lat' dir='ltr'><strong>nitu</strong></span> <span class='ocrx_word' id='word_1_9' title='bbox 1271 740 1501 831; x_wconf 85' lang='lat' dir='ltr'><strong>perrexerat</strong></span> 
     </span>
     <span class='ocr_line' id='line_1_3' title="bbox 373 856 1499 956; baseline -0.002 -20"><span class='ocrx_word' id='word_1_10' title='bbox 373 861 421 936; x_wconf 88' lang='lat' dir='ltr'><strong>ad</strong></span> <span class='ocrx_word' id='word_1_11' title='bbox 438 860 624 939; x_wconf 85' lang='lat' dir='ltr'><strong>Joauuem</strong></span> <span class='ocrx_word' id='word_1_12' title='bbox 653 859 794 956; x_wconf 83' lang='lat' dir='ltr'><strong>Regem</strong></span> <span class='ocrx_word' id='word_1_13' title='bbox 815 859 862 933; x_wconf 90' lang='lat' dir='ltr'><strong>ad</strong></span> <span class='ocrx_word' id='word_1_14' title='bbox 882 857 1094 952; x_wconf 85' lang='lat' dir='ltr'><strong>KisYenb,</strong></span> <span class='ocrx_word' id='word_1_15' title='bbox 1124 858 1215 954; x_wconf 87' lang='lat' dir='ltr'><strong>quia</strong></span> <span class='ocrx_word' id='word_1_16' title='bbox 1242 856 1296 934; x_wconf 93' lang='lat' dir='ltr'><strong>ibi</strong></span> <span class='ocrx_word' id='word_1_17' title='bbox 1314 865 1399 934; x_wconf 87' lang='lat' dir='ltr'><strong>erat</strong></span> <span class='ocrx_word' id='word_1_18' title='bbox 1412 861 1499 956; x_wconf 87' lang='lat' dir='ltr'><strong>jam</strong></span> 
     </span>
     <span class='ocr_line' id='line_1_4' title="bbox 374 983 1499 1082; baseline 0 -22"><span class='ocrx_word' id='word_1_19' title='bbox 374 987 647 1065; x_wconf 85' lang='lat' dir='ltr'><strong>thabomaeula</strong></span> <span class='ocrx_word' id='word_1_20' title='bbox 688 1008 768 1062; x_wconf 88' lang='lat' dir='ltr'><strong>sua.</strong></span> <span class='ocrx_word' id='word_1_21' title='bbox 808 984 899 1061; x_wconf 92' lang='lat' dir='ltr'><strong>Inde</strong></span> <span class='ocrx_word' id='word_1_22' title='bbox 937 983 1083 1082; x_wconf 89' lang='lat' dir='ltr'><strong>quidem</strong></span> <span class='ocrx_word' id='word_1_23' title='bbox 1122 983 1242 1060; x_wconf 85' lang='lat' dir='ltr'><strong>Cesar</strong></span> <span class='ocrx_word' id='word_1_24' title='bbox 1278 983 1499 1060; x_wconf 83' lang='lat' dir='ltr'><strong>&#39;Purearum</strong></span> 
     </span>
     <span class='ocr_line' id='line_1_5' title="bbox 374 1109 1499 1190; baseline -0.004 0"><span class='ocrx_word' id='word_1_25' title='bbox 374 1115 500 1190; x_wconf 90' lang='lat' dir='ltr'><strong>statim</strong></span> <span class='ocrx_word' id='word_1_26' title='bbox 521 1113 683 1190; x_wconf 78' lang='lat' dir='ltr'>cucurrit</span> <span class='ocrx_word' id='word_1_27' title='bbox 700 1111 747 1185; x_wconf 88' lang='lat' dir='ltr'><strong>ad</strong></span> <span class='ocrx_word' id='word_1_28' title='bbox 777 1133 900 1187; x_wconf 88' lang='lat' dir='ltr'><strong>areem</strong></span> <span class='ocrx_word' id='word_1_29' title='bbox 914 1109 1073 1188; x_wconf 90' lang='lat' dir='ltr'><strong>·Budam</strong></span> <span class='ocrx_word' id='word_1_30' title='bbox 1101 1109 1139 1184; x_wconf 91' lang='lat' dir='ltr'><strong>in</strong></span> <span class='ocrx_word' id='word_1_31' title='bbox 1167 1111 1294 1186; x_wconf 88' lang='lat' dir='ltr'><strong>aureis</strong></span> <span class='ocrx_word' id='word_1_32' title='bbox 1320 1111 1499 1186; x_wconf 88' lang='lat' dir='ltr'><strong>euturnis</strong></span> 
     </span>
     <span class='ocr_line' id='line_1_6' title="bbox 375 1234 1497 1336; baseline -0.002 -22"><span class='ocrx_word' id='word_1_33' title='bbox 375 1263 442 1336; x_wconf 90' lang='lat' dir='ltr'><strong>per</strong></span> <span class='ocrx_word' id='word_1_34' title='bbox 461 1239 600 1335; x_wconf 71' lang='lat' dir='ltr'><strong>grades</strong></span> <span class='ocrx_word' id='word_1_35' title='bbox 618 1259 786 1332; x_wconf 87' lang='lat' dir='ltr'><strong>sursum,</strong></span> <span class='ocrx_word' id='word_1_36' title='bbox 808 1244 846 1311; x_wconf 87' lang='lat' dir='ltr'><strong>et</strong></span> <span class='ocrx_word' id='word_1_37' title='bbox 865 1234 1045 1312; x_wconf 80' lang='lat' dir='ltr'><strong>Germani</strong></span> <span class='ocrx_word' id='word_1_38' title='bbox 1065 1258 1271 1335; x_wconf 81' lang='lat' dir='ltr'>pauperes,</span> <span class='ocrx_word' id='word_1_39' title='bbox 1292 1237 1356 1332; x_wconf 91' lang='lat' dir='ltr'><strong>qui</strong></span> <span class='ocrx_word' id='word_1_40' title='bbox 1384 1245 1497 1312; x_wconf 87' lang='lat' dir='ltr'><strong>ante·</strong></span> 
     </span>
     <span class='ocr_line' id='line_1_7' title="bbox 372 1361 1497 1462; baseline -0.002 -22"><span class='ocrx_word' id='word_1_41' title='bbox 372 1389 482 1462; x_wconf 90' lang='lat' dir='ltr'><strong>quam</strong></span> <span class='ocrx_word' id='word_1_42' title='bbox 500 1364 661 1440; x_wconf 79' lang='lat' dir='ltr'><strong>sedecim</strong></span> <span class='ocrx_word' id='word_1_43' title='bbox 681 1365 813 1439; x_wconf 88' lang='lat' dir='ltr'><strong>diebus</strong></span> <span class='ocrx_word' id='word_1_44' title='bbox 832 1366 1079 1441; x_wconf 87' lang='lat' dir='ltr'><strong>eueurrebant</strong></span> <span class='ocrx_word' id='word_1_45' title='bbox 1097 1362 1278 1438; x_wconf 86' lang='lat' dir='ltr'><strong>aduersus</strong></span> <span class='ocrx_word' id='word_1_46' title='bbox 1287 1361 1497 1455; x_wconf 84' lang='lat' dir='ltr'><strong>Viennam,</strong></span> 
     </span>
     <span class='ocr_line' id='line_1_8' title="bbox 372 1487 1497 1589; baseline -0.002 -21"><span class='ocrx_word' id='word_1_47' title='bbox 372 1493 438 1568; x_wconf 86' lang='lat' dir='ltr'><strong>alii</strong></span> <span class='ocrx_word' id='word_1_48' title='bbox 457 1491 604 1588; x_wconf 91' lang='lat' dir='ltr'><strong>quidem</strong></span> <span class='ocrx_word' id='word_1_49' title='bbox 623 1491 802 1589; x_wconf 89' lang='lat' dir='ltr'><strong>pauperis</strong></span> <span class='ocrx_word' id='word_1_50' title='bbox 822 1491 927 1565; x_wconf 90' lang='lat' dir='ltr'><strong>multi</strong></span> <span class='ocrx_word' id='word_1_51' title='bbox 946 1491 985 1564; x_wconf 93' lang='lat' dir='ltr'><strong>in</strong></span> <span class='ocrx_word' id='word_1_52' title='bbox 1005 1513 1091 1568; x_wconf 89' lang='lat' dir='ltr'><strong>aree</strong></span> <span class='ocrx_word' id='word_1_53' title='bbox 1116 1489 1344 1566; x_wconf 78' lang='lat' dir='ltr'><strong>residebant.</strong></span> <span class='ocrx_word' id='word_1_54' title='bbox 1363 1487 1497 1580; x_wconf 84' lang='lat' dir='ltr'><strong>Quum</strong></span> 
     </span>
     <span class='ocr_line' id='line_1_9' title="bbox 368 1617 1499 1716; baseline 0.003 -23"><span class='ocrx_word' id='word_1_55' title='bbox 368 1622 447 1716; x_wconf 87' lang='lat' dir='ltr'><strong>jam</strong></span> <span class='ocrx_word' id='word_1_56' title='bbox 468 1617 589 1696; x_wconf 80' lang='lat' dir='ltr'><strong>Cesar</strong></span> <span class='ocrx_word' id='word_1_57' title='bbox 608 1618 829 1695; x_wconf 82' lang='lat' dir='ltr'><strong>secundario</strong></span> <span class='ocrx_word' id='word_1_58' title='bbox 849 1619 1011 1694; x_wconf 86' lang='lat' dir='ltr'><strong>letanter</strong></span> <span class='ocrx_word' id='word_1_59' title='bbox 1029 1619 1247 1694; x_wconf 87' lang='lat' dir='ltr'><strong>ambulabat</strong></span> <span class='ocrx_word' id='word_1_60' title='bbox 1265 1642 1333 1716; x_wconf 91' lang='lat' dir='ltr'><strong>per</strong></span> <span class='ocrx_word' id='word_1_61' title='bbox 1350 1639 1499 1696; x_wconf 85' lang='lat' dir='ltr'><strong>aureas</strong></span> 
     </span>
     <span class='ocr_line' id='line_1_10' title="bbox 371 1745 1497 1844; baseline 0 -22"><span class='ocrx_word' id='word_1_62' title='bbox 371 1745 566 1844; x_wconf 83' lang='lat' dir='ltr'><strong>pellaciae,</strong></span> <span class='ocrx_word' id='word_1_63' title='bbox 578 1753 616 1821; x_wconf 93' lang='lat' dir='ltr'><strong>et</strong></span> <span class='ocrx_word' id='word_1_64' title='bbox 634 1748 752 1822; x_wconf 86' lang='lat' dir='ltr'><strong>multa</strong></span> <span class='ocrx_word' id='word_1_65' title='bbox 772 1769 839 1844; x_wconf 90' lang='lat' dir='ltr'><strong>per</strong></span> <span class='ocrx_word' id='word_1_66' title='bbox 858 1745 947 1822; x_wconf 91' lang='lat' dir='ltr'><strong>edes</strong></span> <span class='ocrx_word' id='word_1_67' title='bbox 966 1745 1012 1822; x_wconf 92' lang='lat' dir='ltr'><strong>de</strong></span> <span class='ocrx_word' id='word_1_68' title='bbox 1031 1745 1257 1844; x_wconf 88' lang='lat' dir='ltr'><strong>puluinariis</strong></span> <span class='ocrx_word' id='word_1_69' title='bbox 1275 1752 1384 1821; x_wconf 85' lang='lat' dir='ltr'><strong>extra</strong></span> <span class='ocrx_word' id='word_1_70' title='bbox 1402 1771 1497 1844; x_wconf 89' lang='lat' dir='ltr'><strong>pro-</strong></span> 
     </span>
     <span class='ocr_line' id='line_1_11' title="bbox 369 1871 1499 1972; baseline -0.001 -25"><span class='ocrx_word' id='word_1_71' title='bbox 369 1875 471 1968; x_wconf 88' lang='lat' dir='ltr'><strong>jeeta</strong></span> <span class='ocrx_word' id='word_1_72' title='bbox 491 1879 599 1948; x_wconf 89' lang='lat' dir='ltr'><strong>erant</strong></span> <span class='ocrx_word' id='word_1_73' title='bbox 617 1895 731 1972; x_wconf 89' lang='lat' dir='ltr'><strong>super</strong></span> <span class='ocrx_word' id='word_1_74' title='bbox 750 1872 974 1972; x_wconf 89' lang='lat' dir='ltr'><strong>pauimenta.</strong></span> <span class='ocrx_word' id='word_1_75' title='bbox 1001 1871 1076 1948; x_wconf 87' lang='lat' dir='ltr'><strong>Sed</strong></span> <span class='ocrx_word' id='word_1_76' title='bbox 1103 1871 1224 1950; x_wconf 89' lang='lat' dir='ltr'><strong>Cesar</strong></span> <span class='ocrx_word' id='word_1_77' title='bbox 1250 1873 1306 1948; x_wconf 92' lang='lat' dir='ltr'><strong>nil</strong></span> <span class='ocrx_word' id='word_1_78' title='bbox 1333 1874 1499 1950; x_wconf 81' lang='lat' dir='ltr'><strong>verebar</strong></span> 
     </span>
     <span class='ocr_line' id='line_1_12' title="bbox 375 1997 1500 2096; baseline 0.005 -26"><span class='ocrx_word' id='word_1_79' title='bbox 375 1997 420 2072; x_wconf 90' lang='lat' dir='ltr'><strong>de</strong></span> <span class='ocrx_word' id='word_1_80' title='bbox 438 1998 530 2092; x_wconf 87' lang='lat' dir='ltr'><strong>boe,</strong></span> <span class='ocrx_word' id='word_1_81' title='bbox 552 2005 589 2072; x_wconf 94' lang='lat' dir='ltr'><strong>et</strong></span> <span class='ocrx_word' id='word_1_82' title='bbox 608 1997 728 2075; x_wconf 90' lang='lat' dir='ltr'><strong>Cesar</strong></span> <span class='ocrx_word' id='word_1_83' title='bbox 747 1999 847 2075; x_wconf 82' lang='lat' dir='ltr'><strong>misit</strong></span> <span class='ocrx_word' id='word_1_84' title='bbox 876 1999 924 2074; x_wconf 93' lang='lat' dir='ltr'><strong>ad</strong></span> <span class='ocrx_word' id='word_1_85' title='bbox 952 1999 1138 2076; x_wconf 89' lang='lat' dir='ltr'><strong>Juaunem</strong></span> <span class='ocrx_word' id='word_1_86' title='bbox 1167 1999 1312 2096; x_wconf 80' lang='lat' dir='ltr'><strong>Regem</strong></span> <span class='ocrx_word' id='word_1_87' title='bbox 1338 1999 1387 2076; x_wconf 95' lang='lat' dir='ltr'><strong>ad</strong></span> <span class='ocrx_word' id='word_1_88' title='bbox 1415 2001 1500 2076; x_wconf 88' lang='lat' dir='ltr'><strong>Kis</strong></span> 
     </span>
     <span class='ocr_line' id='line_1_13' title="bbox 374 2121 1497 2223; baseline 0.002 -23"><span class='ocrx_word' id='word_1_89' title='bbox 374 2125 506 2200; x_wconf 80' lang='lat' dir='ltr'><strong>denew</strong></span> <span class='ocrx_word' id='word_1_90' title='bbox 526 2149 637 2204; x_wconf 90' lang='lat' dir='ltr'><strong>vnum</strong></span> <span class='ocrx_word' id='word_1_91' title='bbox 657 2126 786 2202; x_wconf 82' lang='lat' dir='ltr'><strong>ebawn</strong></span> <span class='ocrx_word' id='word_1_92' title='bbox 806 2149 890 2202; x_wconf 89' lang='lat' dir='ltr'><strong>eum</strong></span> <span class='ocrx_word' id='word_1_93' title='bbox 903 2127 1175 2223; x_wconf 75' lang='lat' dir='ltr'><strong>Jaeharunibus</strong></span> <span class='ocrx_word' id='word_1_94' title='bbox 1194 2121 1341 2220; x_wconf 88' lang='lat' dir='ltr'><strong>multis,</strong></span> <span class='ocrx_word' id='word_1_95' title='bbox 1362 2133 1400 2200; x_wconf 87' lang='lat' dir='ltr'><strong>et</strong></span> <span class='ocrx_word' id='word_1_96' title='bbox 1426 2127 1497 2202; x_wconf 91' lang='lat' dir='ltr'><strong>de-</strong></span> 
     </span>
     <span class='ocr_line' id='line_1_14' title="bbox 373 2251 1497 2350; baseline 0.003 -26"><span class='ocrx_word' id='word_1_97' title='bbox 373 2251 796 2349; x_wconf 84' lang='lat' dir='ltr'><strong>eemuulakonessuper</strong></span> <span class='ocrx_word' id='word_1_98' title='bbox 815 2258 932 2328; x_wconf 89' lang='lat' dir='ltr'><strong>rattes</strong></span> <span class='ocrx_word' id='word_1_99' title='bbox 951 2275 1019 2350; x_wconf 91' lang='lat' dir='ltr'><strong>per</strong></span> <span class='ocrx_word' id='word_1_100' title='bbox 1038 2251 1248 2350; x_wconf 87' lang='lat' dir='ltr'><strong>aquamdui</strong></span> <span class='ocrx_word' id='word_1_101' title='bbox 1259 2251 1497 2329; x_wconf 85' lang='lat' dir='ltr'><strong>Danubium.</strong></span> 
     </span>
     <span class='ocr_line' id='line_1_15' title="bbox 373 2373 1493 2474; baseline 0.004 -25"><span class='ocrx_word' id='word_1_102' title='bbox 373 2375 421 2451; x_wconf 83' lang='lat' dir='ltr'><strong>Et</strong></span> <span class='ocrx_word' id='word_1_103' title='bbox 439 2373 558 2454; x_wconf 86' lang='lat' dir='ltr'><strong>Cesar</strong></span> <span class='ocrx_word' id='word_1_104' title='bbox 574 2377 764 2454; x_wconf 85' lang='lat' dir='ltr'><strong>deseendit</strong></span> <span class='ocrx_word' id='word_1_105' title='bbox 782 2379 830 2454; x_wconf 91' lang='lat' dir='ltr'><strong>ad</strong></span> <span class='ocrx_word' id='word_1_106' title='bbox 849 2387 1032 2455; x_wconf 76' lang='lat' dir='ltr'><strong>castorem</strong></span> <span class='ocrx_word' id='word_1_107' title='bbox 1052 2402 1158 2455; x_wconf 87' lang='lat' dir='ltr'><strong>suum</strong></span> <span class='ocrx_word' id='word_1_108' title='bbox 1178 2379 1362 2456; x_wconf 84' lang='lat' dir='ltr'><strong>Kelewen</strong></span> <span class='ocrx_word' id='word_1_109' title='bbox 1373 2379 1493 2474; x_wconf 84' lang='lat' dir='ltr'><strong>felde,</strong></span> 
     </span>
     <span class='ocr_line' id='line_1_16' title="bbox 373 2502 963 2600; baseline 0 -22"><span class='ocrx_word' id='word_1_110' title='bbox 373 2509 411 2578; x_wconf 90' lang='lat' dir='ltr'><strong>et</strong></span> <span class='ocrx_word' id='word_1_111' title='bbox 429 2505 568 2580; x_wconf 87' lang='lat' dir='ltr'><strong>eratin</strong></span> <span class='ocrx_word' id='word_1_112' title='bbox 586 2502 647 2578; x_wconf 90' lang='lat' dir='ltr'><strong>die</strong></span> <span class='ocrx_word' id='word_1_113' title='bbox 666 2503 783 2600; x_wconf 80' lang='lat' dir='ltr'><strong>Egidi</strong></span> <span class='ocrx_word' id='word_1_114' title='bbox 802 2505 963 2582; x_wconf 85' lang='lat' dir='ltr'><strong>abbatis.</strong></span> 
     </span>
    </p>
   </div>
   <div class='ocr_carea' id='block_1_3' title="bbox 593 2789 1220 2897">
    <p class='ocr_par' dir='ltr' id='par_1_3' title="bbox 593 2789 1220 2897">
     <span class='ocr_line' id='line_1_17' title="bbox 593 2789 1220 2897; baseline 0 -29"><span class='ocrx_word' id='word_1_115' title='bbox 593 2879 596 2885; x_wconf 44' lang='lat'><strong>.</strong></span> <span class='ocrx_word' id='word_1_116' title='bbox 640 2789 973 2893; x_wconf 87' lang='lat' dir='ltr'><strong>(CAPITULUM</strong></span> <span class='ocrx_word' id='word_1_117' title='bbox 1001 2790 1220 2897; x_wconf 79' lang='lat' dir='ltr'>LXXVII.)</span> 
     </span>
    </p>
   </div>
   <div class='ocr_carea' id='block_1_4' title="bbox 370 3007 1495 4887">
    <p class='ocr_par' dir='ltr' id='par_1_4' title="bbox 377 3007 1495 3214">
     <span class='ocr_line' id='line_1_18' title="bbox 481 3007 1495 3089; baseline 0.005 -8"><span class='ocrx_word' id='word_1_118' title='bbox 481 3007 530 3082; x_wconf 87' lang='lat' dir='ltr'><strong>Et</strong></span> <span class='ocrx_word' id='word_1_119' title='bbox 547 3031 633 3084; x_wconf 85' lang='lat' dir='ltr'><strong>mox</strong></span> <span class='ocrx_word' id='word_1_120' title='bbox 653 3009 769 3084; x_wconf 88' lang='lat' dir='ltr'><strong>mouit</strong></span> <span class='ocrx_word' id='word_1_121' title='bbox 787 3032 828 3084; x_wconf 90' lang='lat' dir='ltr'><strong>se</strong></span> <span class='ocrx_word' id='word_1_122' title='bbox 858 3009 977 3086; x_wconf 81' lang='lat' dir='ltr'><strong>Cesar</strong></span> <span class='ocrx_word' id='word_1_123' title='bbox 1006 3009 1187 3089; x_wconf 88' lang='lat' dir='ltr'><strong>aduersus</strong></span> <span class='ocrx_word' id='word_1_124' title='bbox 1215 3013 1420 3089; x_wconf 87' lang='lat' dir='ltr'><strong>Viennam.</strong></span> <span class='ocrx_word' id='word_1_125' title='bbox 1457 3023 1495 3086; x_wconf 84' lang='lat' dir='ltr'><strong>et</strong></span> 
     </span>
     <span class='ocr_line' id='line_1_19' title="bbox 377 3133 1029 3214; baseline 0.009 -8"><span class='ocrx_word' id='word_1_126' title='bbox 377 3134 414 3209; x_wconf 90' lang='lat' dir='ltr'><strong>iu</strong></span> <span class='ocrx_word' id='word_1_127' title='bbox 432 3135 501 3210; x_wconf 90' lang='lat' dir='ltr'><strong>illa</strong></span> <span class='ocrx_word' id='word_1_128' title='bbox 519 3133 580 3210; x_wconf 92' lang='lat' dir='ltr'><strong>die</strong></span> <span class='ocrx_word' id='word_1_129' title='bbox 599 3134 775 3211; x_wconf 90' lang='lat' dir='ltr'><strong>dormiuit</strong></span> <span class='ocrx_word' id='word_1_130' title='bbox 791 3136 830 3210; x_wconf 93' lang='lat' dir='ltr'><strong>in</strong></span> <span class='ocrx_word' id='word_1_131' title='bbox 850 3133 1029 3214; x_wconf 87' lang='lat' dir='ltr'><strong>Sambuk.</strong></span> 
     </span>
    </p>

    <p class='ocr_par' dir='ltr' id='par_1_5' title="bbox 370 3259 1495 4887">
     <span class='ocr_line' id='line_1_20' title="bbox 482 3259 1495 3362; baseline 0.008 -28"><span class='ocrx_word' id='word_1_132' title='bbox 482 3259 575 3336; x_wconf 90' lang='lat' dir='ltr'><strong>Inde</strong></span> <span class='ocrx_word' id='word_1_133' title='bbox 594 3259 741 3356; x_wconf 92' lang='lat' dir='ltr'><strong>quidem</strong></span> <span class='ocrx_word' id='word_1_134' title='bbox 761 3270 945 3339; x_wconf 84' lang='lat' dir='ltr'><strong>venerunt</strong></span> <span class='ocrx_word' id='word_1_135' title='bbox 962 3263 1122 3362; x_wconf 83' lang='lat' dir='ltr'><strong>predieti</strong></span> <span class='ocrx_word' id='word_1_136' title='bbox 1150 3264 1267 3340; x_wconf 81' lang='lat' dir='ltr'><strong>&#39;Purui</strong></span> <span class='ocrx_word' id='word_1_137' title='bbox 1297 3264 1345 3339; x_wconf 89' lang='lat' dir='ltr'><strong>ad</strong></span> <span class='ocrx_word' id='word_1_138' title='bbox 1371 3265 1495 3342; x_wconf 83' lang='lat' dir='ltr'><strong>duan·</strong></span> 
     </span>
     <span class='ocr_line' id='line_1_21' title="bbox 376 3385 1490 3489; baseline 0.006 -28"><span class='ocrx_word' id='word_1_139' title='bbox 376 3409 459 3462; x_wconf 89' lang='lat' dir='ltr'><strong>uem</strong></span> <span class='ocrx_word' id='word_1_140' title='bbox 478 3385 644 3482; x_wconf 82' lang='lat' dir='ltr'><strong>Regem,</strong></span> <span class='ocrx_word' id='word_1_141' title='bbox 666 3393 704 3461; x_wconf 89' lang='lat' dir='ltr'><strong>et</strong></span> <span class='ocrx_word' id='word_1_142' title='bbox 721 3387 1000 3489; x_wconf 86' lang='lat' dir='ltr'><strong>imperaueruut</strong></span> <span class='ocrx_word' id='word_1_143' title='bbox 1026 3389 1082 3482; x_wconf 89' lang='lat' dir='ltr'><strong>ei,</strong></span> <span class='ocrx_word' id='word_1_144' title='bbox 1111 3397 1153 3464; x_wconf 84' lang='lat' dir='ltr'><strong>vt</strong></span> <span class='ocrx_word' id='word_1_145' title='bbox 1179 3389 1306 3466; x_wconf 85' lang='lat' dir='ltr'><strong>statim</strong></span> <span class='ocrx_word' id='word_1_146' title='bbox 1335 3389 1490 3468; x_wconf 86' lang='lat' dir='ltr'><strong>descen-</strong></span> 
     </span>
     <span class='ocr_line' id='line_1_22' title="bbox 375 3507 1492 3594; baseline 0.007 -8"><span class='ocrx_word' id='word_1_147' title='bbox 375 3513 480 3588; x_wconf 86' lang='lat' dir='ltr'><strong>deret</strong></span> <span class='ocrx_word' id='word_1_148' title='bbox 498 3507 586 3588; x_wconf 87' lang='lat' dir='ltr'><strong>&#39;eum</strong></span> <span class='ocrx_word' id='word_1_149' title='bbox 615 3518 694 3587; x_wconf 88' lang='lat' dir='ltr'><strong>tota</strong></span> <span class='ocrx_word' id='word_1_150' title='bbox 721 3511 993 3590; x_wconf 86' lang='lat' dir='ltr'><strong>thaboroneula</strong></span> <span class='ocrx_word' id='word_1_151' title='bbox 1011 3537 1081 3590; x_wconf 83' lang='lat' dir='ltr'><strong>sua</strong></span> <span class='ocrx_word' id='word_1_152' title='bbox 1099 3515 1146 3589; x_wconf 90' lang='lat' dir='ltr'><strong>ad</strong></span> <span class='ocrx_word' id='word_1_153' title='bbox 1174 3521 1293 3590; x_wconf 88' lang='lat' dir='ltr'><strong>rattes</strong></span> <span class='ocrx_word' id='word_1_154' title='bbox 1320 3513 1492 3594; x_wconf 85' lang='lat' dir='ltr'><strong>Cesaris.</strong></span> 
     </span>
     <span class='ocr_line' id='line_1_23' title="bbox 376 3637 1493 3738; baseline 0.006 -26"><span class='ocrx_word' id='word_1_155' title='bbox 376 3647 414 3712; x_wconf 90' lang='lat' dir='ltr'><strong>vt</strong></span> <span class='ocrx_word' id='word_1_156' title='bbox 433 3639 589 3716; x_wconf 91' lang='lat' dir='ltr'><strong>baberet</strong></span> <span class='ocrx_word' id='word_1_157' title='bbox 606 3637 753 3714; x_wconf 89' lang='lat' dir='ltr'><strong>vadum.</strong></span> <span class='ocrx_word' id='word_1_158' title='bbox 775 3639 824 3713; x_wconf 87' lang='lat' dir='ltr'><strong>Et</strong></span> <span class='ocrx_word' id='word_1_159' title='bbox 842 3637 961 3717; x_wconf 84' lang='lat' dir='ltr'><strong>Cesar</strong></span> <span class='ocrx_word' id='word_1_160' title='bbox 979 3641 1079 3738; x_wconf 89' lang='lat' dir='ltr'><strong>ipsos</strong></span> <span class='ocrx_word' id='word_1_161' title='bbox 1099 3641 1285 3736; x_wconf 87' lang='lat' dir='ltr'><strong>dueuerat,</strong></span> <span class='ocrx_word' id='word_1_162' title='bbox 1307 3646 1493 3738; x_wconf 78' lang='lat' dir='ltr'><strong>quomodo</strong></span> 
     </span>
     <span class='ocr_line' id='line_1_24' title="bbox 375 3765 1491 3864; baseline 0.008 -25"><span class='ocrx_word' id='word_1_163' title='bbox 375 3773 544 3864; x_wconf 88' lang='lat' dir='ltr'><strong>oporteat</strong></span> <span class='ocrx_word' id='word_1_164' title='bbox 565 3765 620 3842; x_wconf 90' lang='lat' dir='ltr'><strong>eis</strong></span> <span class='ocrx_word' id='word_1_165' title='bbox 647 3789 823 3862; x_wconf 90' lang='lat' dir='ltr'><strong>operare,</strong></span> <span class='ocrx_word' id='word_1_166' title='bbox 853 3775 891 3842; x_wconf 89' lang='lat' dir='ltr'><strong>et</strong></span> <span class='ocrx_word' id='word_1_167' title='bbox 916 3768 1114 3845; x_wconf 88' lang='lat' dir='ltr'><strong>Joannem-</strong></span> <span class='ocrx_word' id='word_1_168' title='bbox 1130 3767 1272 3864; x_wconf 83' lang='lat' dir='ltr'><strong>Regem</strong></span> <span class='ocrx_word' id='word_1_169' title='bbox 1300 3792 1382 3846; x_wconf 88' lang='lat' dir='ltr'><strong>eum</strong></span> <span class='ocrx_word' id='word_1_170' title='bbox 1412 3779 1491 3848; x_wconf 85' lang='lat' dir='ltr'><strong>tota</strong></span> 
     </span>
     <span class='ocr_line' id='line_1_25' title="bbox 376 3891 1491 3991; baseline 0.004 -23"><span class='ocrx_word' id='word_1_171' title='bbox 376 3901 498 3969; x_wconf 84' lang='lat' dir='ltr'><strong>turma</strong></span> <span class='ocrx_word' id='word_1_172' title='bbox 517 3891 616 3968; x_wconf 87' lang='lat' dir='ltr'><strong>vltra</strong></span> <span class='ocrx_word' id='word_1_173' title='bbox 635 3891 850 3968; x_wconf 90' lang='lat' dir='ltr'><strong>Danubium</strong></span> <span class='ocrx_word' id='word_1_174' title='bbox 868 3894 1050 3991; x_wconf 84' lang='lat' dir='ltr'><strong>nauigare</strong></span> <span class='ocrx_word' id='word_1_175' title='bbox 1068 3902 1260 3991; x_wconf 80' lang='lat' dir='ltr'><strong>sugerunt,</strong></span> <span class='ocrx_word' id='word_1_176' title='bbox 1280 3894 1374 3974; x_wconf 88' lang='lat' dir='ltr'><strong>etin</strong></span> <span class='ocrx_word' id='word_1_177' title='bbox 1402 3921 1491 3976; x_wconf 81' lang='lat' dir='ltr'><strong>aree</strong></span> 
     </span>
     <span class='ocr_line' id='line_1_26' title="bbox 377 4017 1492 4121; baseline 0.006 -26"><span class='ocrx_word' id='word_1_178' title='bbox 377 4019 520 4096; x_wconf 89' lang='lat' dir='ltr'><strong>Budam</strong></span> <span class='ocrx_word' id='word_1_179' title='bbox 538 4039 674 4114; x_wconf 80' lang='lat' dir='ltr'><strong>magno</strong></span> <span class='ocrx_word' id='word_1_180' title='bbox 693 4017 835 4097; x_wconf 91' lang='lat' dir='ltr'><strong>bonore</strong></span> <span class='ocrx_word' id='word_1_181' title='bbox 854 4021 1492 4121; x_wconf 84' lang='lat' dir='ltr'><strong>portauerantipsumeumdiuersis</strong></span> 
     </span>
     <span class='ocr_line' id='line_1_27' title="bbox 375 4145 1490 4243; baseline 0.004 -21"><span class='ocrx_word' id='word_1_182' title='bbox 375 4145 633 4225; x_wconf 83' lang='lat' dir='ltr'><strong>bornamentis</strong></span> <span class='ocrx_word' id='word_1_183' title='bbox 651 4145 838 4242; x_wconf 81' lang='lat' dir='ltr'><strong>equitibus</strong></span> <span class='ocrx_word' id='word_1_184' title='bbox 856 4147 1086 4243; x_wconf 75' lang='lat' dir='ltr'><strong>Terrarum,</strong></span> <span class='ocrx_word' id='word_1_185' title='bbox 1121 4157 1159 4224; x_wconf 88' lang='lat' dir='ltr'><strong>et</strong></span> <span class='ocrx_word' id='word_1_186' title='bbox 1187 4149 1268 4225; x_wconf 89' lang='lat' dir='ltr'><strong>Rex</strong></span> <span class='ocrx_word' id='word_1_187' title='bbox 1299 4151 1336 4225; x_wconf 91' lang='lat' dir='ltr'><strong>iu</strong></span> <span class='ocrx_word' id='word_1_188' title='bbox 1366 4152 1490 4226; x_wconf 88' lang='lat' dir='ltr'><strong>medio</strong></span> 
     </span>
     <span class='ocr_line' id='line_1_28' title="bbox 370 4270 1490 4374; baseline 0.006 -28"><span class='ocrx_word' id='word_1_189' title='bbox 370 4271 691 4372; x_wconf 75' lang='lat' dir='ltr'><strong>jagniehaionum,</strong></span> <span class='ocrx_word' id='word_1_190' title='bbox 712 4270 750 4346; x_wconf 92' lang='lat' dir='ltr'><strong>id</strong></span> <span class='ocrx_word' id='word_1_191' title='bbox 770 4281 828 4348; x_wconf 89' lang='lat' dir='ltr'><strong>est</strong></span> <span class='ocrx_word' id='word_1_192' title='bbox 844 4273 941 4352; x_wconf 88' lang='lat' dir='ltr'><strong>inter</strong></span> <span class='ocrx_word' id='word_1_193' title='bbox 959 4275 1106 4374; x_wconf 90' lang='lat' dir='ltr'><strong>pedites</strong></span> <span class='ocrx_word' id='word_1_194' title='bbox 1125 4273 1291 4353; x_wconf 81' lang='lat' dir='ltr'><strong>Cesaris.</strong></span> <span class='ocrx_word' id='word_1_195' title='bbox 1310 4276 1391 4353; x_wconf 87' lang='lat' dir='ltr'><strong>Noa</strong></span> <span class='ocrx_word' id='word_1_196' title='bbox 1410 4301 1490 4352; x_wconf 88' lang='lat' dir='ltr'><strong>om-</strong></span> 
     </span>
     <span class='ocr_line' id='line_1_29' title="bbox 375 4399 1491 4502; baseline 0.003 -27"><span class='ocrx_word' id='word_1_197' title='bbox 375 4424 443 4477; x_wconf 85' lang='lat' dir='ltr'><strong>nes</strong></span> <span class='ocrx_word' id='word_1_198' title='bbox 461 4399 731 4494; x_wconf 88' lang='lat' dir='ltr'><strong>tremebamua,</strong></span> <span class='ocrx_word' id='word_1_199' title='bbox 752 4399 928 4498; x_wconf 89' lang='lat' dir='ltr'><strong>quidnam</strong></span> <span class='ocrx_word' id='word_1_200' title='bbox 955 4401 1026 4477; x_wconf 91' lang='lat' dir='ltr'><strong>hoe</strong></span> <span class='ocrx_word' id='word_1_201' title='bbox 1052 4409 1174 4498; x_wconf 87' lang='lat' dir='ltr'><strong>esset;</strong></span> <span class='ocrx_word' id='word_1_202' title='bbox 1202 4411 1240 4478; x_wconf 92' lang='lat' dir='ltr'><strong>et</strong></span> <span class='ocrx_word' id='word_1_203' title='bbox 1266 4405 1491 4502; x_wconf 87' lang='lat' dir='ltr'><strong>putabamus</strong></span> 
     </span>
     <span class='ocr_line' id='line_1_30' title="bbox 375 4525 1487 4629; baseline 0.002 -25"><span class='ocrx_word' id='word_1_204' title='bbox 375 4551 454 4622; x_wconf 86' lang='lat' dir='ltr'><strong>uus,</strong></span> <span class='ocrx_word' id='word_1_205' title='bbox 474 4525 573 4624; x_wconf 88' lang='lat' dir='ltr'><strong>quod</strong></span> <span class='ocrx_word' id='word_1_206' title='bbox 590 4545 674 4600; x_wconf 84' lang='lat' dir='ltr'><strong>eum</strong></span> <span class='ocrx_word' id='word_1_207' title='bbox 692 4525 803 4605; x_wconf 87' lang='lat' dir='ltr'><strong>simul</strong></span> <span class='ocrx_word' id='word_1_208' title='bbox 822 4529 965 4606; x_wconf 88' lang='lat' dir='ltr'><strong>vellent</strong></span> <span class='ocrx_word' id='word_1_209' title='bbox 983 4529 1180 4628; x_wconf 86' lang='lat' dir='ltr'><strong>deprivare</strong></span> <span class='ocrx_word' id='word_1_210' title='bbox 1200 4530 1335 4629; x_wconf 84' lang='lat' dir='ltr'><strong>eapitis</strong></span> <span class='ocrx_word' id='word_1_211' title='bbox 1353 4533 1487 4608; x_wconf 87' lang='lat' dir='ltr'><strong>nostri.</strong></span> 
     </span>
     <span class='ocr_line' id='line_1_31' title="bbox 378 4649 1486 4757; baseline 0.005 -29"><span class='ocrx_word' id='word_1_212' title='bbox 378 4653 426 4729; x_wconf 80' lang='lat' dir='ltr'><strong>Et</strong></span> <span class='ocrx_word' id='word_1_213' title='bbox 444 4652 629 4729; x_wconf 85' lang='lat' dir='ltr'><strong>duxerunt</strong></span> <span class='ocrx_word' id='word_1_214' title='bbox 645 4649 788 4750; x_wconf 79' lang='lat' dir='ltr'><strong>Regem</strong></span> <span class='ocrx_word' id='word_1_215' title='bbox 805 4655 989 4733; x_wconf 77' lang='lat' dir='ltr'><strong>loannem</strong></span> <span class='ocrx_word' id='word_1_216' title='bbox 1008 4655 1057 4732; x_wconf 90' lang='lat' dir='ltr'><strong>ad</strong></span> <span class='ocrx_word' id='word_1_217' title='bbox 1073 4657 1294 4757; x_wconf 73' lang='lat' dir='ltr'><strong>pallacium,</strong></span> <span class='ocrx_word' id='word_1_218' title='bbox 1330 4657 1393 4734; x_wconf 83' lang='lat' dir='ltr'><strong>rbi</strong></span> <span class='ocrx_word' id='word_1_219' title='bbox 1423 4681 1486 4734; x_wconf 88' lang='lat' dir='ltr'><strong>so-</strong></span> 
     </span>
     <span class='ocr_line' id='line_1_32' title="bbox 375 4775 1489 4887; baseline 0.005 -31"><span class='ocrx_word' id='word_1_220' title='bbox 375 4779 479 4856; x_wconf 85' lang='lat' dir='ltr'><strong>lebat</strong></span> <span class='ocrx_word' id='word_1_221' title='bbox 496 4775 691 4874; x_wconf 85' lang='lat' dir='ltr'><strong>praudium</strong></span> <span class='ocrx_word' id='word_1_222' title='bbox 719 4787 757 4860; x_wconf 88' lang='lat' dir='ltr'><strong>et</strong></span> <span class='ocrx_word' id='word_1_223' title='bbox 782 4805 914 4860; x_wconf 84' lang='lat' dir='ltr'><strong>seuam</strong></span> <span class='ocrx_word' id='word_1_224' title='bbox 942 4781 981 4862; x_wconf 86' lang='lat' dir='ltr'><strong>in</strong></span> <span class='ocrx_word' id='word_1_225' title='bbox 1008 4790 1148 4862; x_wconf 84' lang='lat' dir='ltr'><strong>estate:</strong></span> <span class='ocrx_word' id='word_1_226' title='bbox 1178 4793 1217 4864; x_wconf 89' lang='lat' dir='ltr'><strong>et</strong></span> <span class='ocrx_word' id='word_1_227' title='bbox 1243 4792 1489 4887; x_wconf 75' lang='lat' dir='ltr'><strong>portauerant</strong></span> 
     </span>
    </p>
   </div>
   <div class='ocr_carea' id='block_1_5' title="bbox 0 0 1624 5228">
    <p class='ocr_par' dir='ltr' id='par_1_6' title="bbox 0 0 1624 5228">
     <span class='ocr_line' id='line_1_33' title="bbox 0 0 1624 5228; baseline 0 2"><span class='ocrx_word' id='word_1_228' title='bbox 0 0 1624 5228; x_wconf 95' lang='lat' dir='ltr'><strong> </strong></span> 
     </span>
    </p>
   </div>
  </div>
 </body>
</html>
