3226 5220
1112 481 1189 565 163

78 693 214 770 uidebit
230 693 372 772 Vestra
390 691 594 790 Majestas,
624 689 722 788 quod
740 689 867 767 statim
885 687 1060 786 infligunt
1077 686 1190 764 istum

79 843 306 896 succrescen.
327 825 365 894 ct
383 818 559 895 stolidum
579 817 794 894 'dramonis‘
817 817 924 894 Dixit
942 817 1047 892 Rex:
1069 811 1192 912 „Quid

78 953 115 1020 tu
132 947 223 1042 suis,
242 953 352 1045 pater
372 943 550 1043 Georgi.“
573 945 659 1042 Ego
679 945 756 1020 dixi
776 945 928 1022 iterum:
953 943 1078 1042 „Vere
1098 940 1189 1034 scio,

79 1071 221 1148 dominc
240 1072 346 1168 Rex,
375 1073 462 1170 quia
488 1073 623 1148 Petrus
652 1071 759 1148 Prini
778 1071 951 1172 inpotens
971 1084 1030 1153 est
1048 1077 1088 1154 in
1105 1067 1192 1143 bra·

80 1200 159 1277 chio
178 1223 269 1298 suo,
299 1225 344 1276 ao
371 1201 527 1300 insuper
544 1200 763 1299 inexpertus
791 1209 848 1278 est
874 1203 914 1278 in
932 1227 1037 1282 arma
1054 1210 1194 1287 bellica

80 1327 258 1404 duellare.
279 1327 361 1428 Ipsi
380 1327 527 1426 quidem
547 1327 726 1406 Traciani
745 1336 832 1406 sunt
849 1331 960 1406 valde
980 1337 1137 1435 experti,
1158 1342 1196 1413 et

80 1456 178 1531 cauti
196 1464 235 1532 et
253 1456 386 1552 astuti,
407 1463 444 1531 et
461 1477 556 1552 gens
574 1457 710 1532 robora
729 1457 768 1532 in
786 1457 918 1534 locetis
937 1461 1053 1536 suis.“

185 1587 334 1664 Extunc
354 1586 583 1682 audiuimus,
614 1587 713 1684 quod
730 1589 769 1663 in
790 1587 930 1690 Gywla
959 1593 1122 1670 clamare
1141 1594 1195 1669 fe-

80 1715 191 1792 cisset
219 1715 359 1791 bellum
397 1720 527 1791 contra
563 1715 712 1811 nigrum
746 1715 932 1792 hominem
961 1717 1009 1793 ad
1036 1719 1197 1797 liberum

80 1841 242 1937 luorum,
264 1849 301 1916 ct
319 1840 515 1917 multitudo
543 1842 697 1940 copiosa
717 1842 889 1920 dicebant
907 1851 1056 1941 gentem
1075 1846 1193 1924 habu·

81 1969 154 2046 isse
173 1993 292 2068 usque
312 1969 506 2046 duodecim
524 1970 702 2066 miliaria,
723 1971 822 2068 quod
840 1973 1066 2070 sacerdotes,
1086 1999 1198 2074 paro·

82 2121 144 2175 cos
165 2105 202 2174 et
220 2098 440 2175 scolasticos
469 2097 663 2174 incitasset
691 2098 738 2175 ad
766 2101 917 2176 bellum.
948 2099 1057 2192 Quod
1085 2098 1199 2203 (cum)

83 2247 151 2322 ego
172 2225 297 2301 audiui
318 2249 327 2296 ε
352 2221 410 2322 „O
430 2223 536 2302 Deus
555 2247 679 2321 meus,
702 2245 786 2300 'uon
814 2227 971 2303 decebat
990 2228 1025 2303 ei
1045 2227 1116 2305 hoc
1144 2229 1199 2304 ia·

83 2375 186 2448 cere,
216 2351 315 2450 quod
343 2351 561 2450 spirituales
579 2371 647 2450 per
665 2351 742 2426 vim
760 2353 962 2428 excitasset
980 2352 1028 2428 ad
1046 2354 1200 2449 bellum,

85 2480 173 2576 quia
191 2501 324 2556 manus
342 2478 548 2578 impollutas
566 2478 605 2554 in
624 2478 807 2576 sanguine
831 2478 1004 2557 humanis
1021 2480 1203 2556 tincturas

83 2605 244 2702 habere;
263 2605 317 2681 ita
336 2605 539 2700 ambulant,
560 2603 656 2680 siout
674 2611 816 2705 septem
836 2606 1003 2706 episcopi
1014 2606 1053 2682 in
1070 2628 1201 2705 campo

85 2732 247 2810 llohach
275 2732 399 2810 subita
432 2738 550 2810 morte
577 2731 804 2832 perierunt.“
845 2731 967 2824 Quum
995 2733 1094 2810 vltra
1123 2754 1202 2808 cre-

85 2861 202 2937 uisset
221 2859 343 2936 aciem
361 2881 467 2936 suam
487 2859 741 2956 Marusilium,
762 2867 799 2935 et
812 2861 922 2957 juxta
939 2884 1053 2937 vnum
1073 2859 1202 2960 opidu-

85 2987 161 3064 lum
178 2985 306 3082 Zwlos
327 2993 451 3064 castra
471 2993 631 3064 metatus
650 2993 751 3082 crat,
781 2993 819 3063 et
836 2987 984 3065 nobiles
1003 2995 1040 3064 ct
1057 2986 1203 3086 ignobi·

85 3114 141 3190 les
159 3136 244 3190 cum
263 3113 412 3191 domino
430 3112 611 3210 vaiuoda3
632 3119 669 3190 et
679 3113 859 3191 Traciani
869 3114 1087 3211 sensissent,
1107 3113 1206 3213 quod

86 3243 152 3318 wlt
177 3239 390 3318 conflictum
418 3241 557 3319 habere
587 3241 765 3336 cumeis,
794 3247 832 3315 et
857 3239 1051 3316 nunccium
1078 3242 1206 3318 statim

87 3391 192 3446 suum
221 3369 338 3465 elegit
376 3367 558 3446 aduersus
586 3367 739 3445 Petrum
767 3357 873 3443 Prini
901 3390 985 3443 cum
1011 3375 1201 3467 resumpto

88 3497 228 3592 animo,
249 3504 288 3573 et
305 3519 527 3596 responsum
553 3497 705 3573 obtullit
722 3494 882 3571 vaiuode
900 3495 1050 3592 legatus
1067 3494 1094 3574 J
1096 3518 1205 3572 owan

91 3621 205 3702 Ohari
226 3651 234 3698 :
260 3621 361 3720 „Gur
384 3629 450 3699 tua
474 3622 758 3719 magnificencia
775 3629 831 3698 tot
848 3628 982 3719 gentes
1001 3645 1206 3720 congrega·

91 3751 143 3827 uit
169 3755 301 3827 contra
329 3772 398 3826 nos
428 3743 665 3825 Tracianos?
692 3747 827 3824 Nonne
855 3755 892 3824 et
910 3772 1000 3846 nos,
1020 3745 1113 3850 Ἤν·
1145 3747 1209 3846 qui

92 3899 218 3954 sumus
236 3872 466 3964 Christiani,
487 3875 623 3950 melius
643 3879 701 3950 est
718 3873 825 3951 nobis
844 3875 1027 3972 equaliter
1046 3897 1150 3971 esse,
1171 3881 1209 3950 et

93 4003 300 4080 uolnerare
329 4001 492 4078 insulam
521 3998 774 4077 Sirimiensem
798 4023 825 4074 a
849 4001 1022 4078 manibus
1040 4024 1208 4100 pagano·

8 4175 9 4184 κ
92 4131 209 4210 rum.“
231 4127 357 4224 Quum
375 4129 543 4206 audisset
562 4129 700 4206 Petrus
719 4127 836 4224 Primi,
857 4152 943 4205 mox
961 4129 1000 4204 in
1019 4151 1061 4206 sc
1079 4126 1208 4204 suffla·

94 4267 263 4338 luserat
290 4257 488 4359 superbie3
518 4256 758 4334 existimabat
781 4258 861 4355 jam
889 4255 1098 4335 Tracianos
1125 4279 1209 4357 pre·

95 4387 290 4464 meditatos
310 4388 444 4480 abeo,
474 4389 512 4460 et
539 4384 766 4461 relacionem
793 4383 885 4460 fecit
911 4383 1124 4482 precursori
1142 4405 1210 4461 suo

97 4514 192 4612 nigri
210 4513 391 4610 hominis,
421 4519 462 4588 vt
480 4517 657 4613 preparet
676 4533 717 4587 se
736 4510 784 4587 ad
802 4533 978 4612 pugnam.
1007 4510 1212 4589 Precursor

99 4639 245 4716 obtullit
273 4640 422 4717 domino
450 4661 537 4735 suo,
568 4646 605 4715 et
631 4638 791 4714 vaiuode
819 4660 908 4735 suo,
937 4637 1000 4737 qui
1020 4645 1102 4716 erat
1117 4635 1211 4716 belli

99 4763 223 4844 ductor
240 4795 309 4845 cea
327 4765 498 4865 Rodich,
527 4772 566 4844 et
583 4766 712 4846 statim
736 4771 891 4865 langen.
918 4764 959 4843 in
982 4767 1150 4956 pipppano
1176 4766 1219 4842 et
