3238 5228
391 489 475 600 ‘auo

393 732 469 799 tam
488 722 628 799 habent
645 721 923 820 possessionem
942 721 1042 798 arois
1061 720 1304 818 Vilagoswar
1331 727 1417 819 post
1446 719 1513 796 (le-

393 872 539 927 cessum
558 847 722 925 Emerioi
741 846 880 948 Oybak
899 846 1039 924 domini
1058 827 1387 943 Paohoohienses3
1415 871 1513 947 quo·

394 978 495 1055 niam
514 974 784 1071 consanguinei
803 979 932 1068 erant3
963 981 1001 1049 et
1019 974 1075 1051 sio
1093 971 1138 1050 de
1169 975 1340 1072 singulis.
1370 975 1422 1050 Et
1451 998 1517 1051 os-

393 1111 459 1202 pta
477 1109 559 1179 orat
576 1123 673 1178 anno
696 1097 810 1178 1529.

659 1406 994 1511 (CAPITULUM
1032 1405 1235 1510 LXXIH).

393 1593 586 1675 Quomodo
604 1614 807 1689 pereussos
825 1599 911 1668 erat
927 1593 1517 1672 Valentinusinl'ranssilnsnia.

500 1843 656 1921 Interim
666 1844 767 1944 oepit
785 1868 923 1922 sonare
940 1843 967 1922 J
969 1844 1082 1922 oanni
1102 1843 1200 1942 Regi
1211 1845 1251 1921 in
1263 1843 1401 1944 Lippa,
1412 1847 1520 1944 quod

394 1971 620 2049 Valentinus
638 1971 795 2049 Therek
813 1973 931 2048 vellet
949 1971 1185 2069 equitareai
1204 1971 1518 2049 'l'ransilvaniam

354 2085 356 2088 ’
392 2106 430 2174 et
447 2099 619 2199 aooipere
638 2099 804 2177 ohortem
824 2099 1199 2178 Transiluaniensem
1217 2105 1348 2176 eontra
1366 2098 1518 2196 Regem

392 2227 587 2304 Joannem.
617 2225 669 2300 Et
682 2227 763 2323 jam
781 2227 821 2303 in
839 2225 1064 2302 Debreohen
1083 2225 1221 2325 oppido
1241 2225 1517 2320 descendisset,

393 2362 429 2429 et
442 2355 552 2452 juxta
574 2351 797 2429 Debreohen
816 2353 857 2428 in
876 2352 971 2428 villa
998 2351 1230 2453 szyvpali
1250 2353 1290 2428 in
1309 2374 1384 2426 vna
1403 2363 1519 2430 noete

392 2486 679 2579 pernootauerat
698 2502 781 2555 oum
800 2479 1033 2556 militonibus
1050 2479 1149 2576 suis,
1169 2487 1207 2555 et
1224 2502 1334 2555 mane
1352 2501 1519 2577 surgens

229 2606 233 2614 '
392 2613 430 2682 et
464 2629 532 2705 per
569 2604 719 2682 Mesees
756 2605 964 2682 intrauerat
992 2605 1040 2680 ad
1067 2604 1387 2682 Transiluaniam.
1428 2605 1517 2685 Rex

392 2757 550 2834 nemppe
586 2734 625 2810 in
661 2756 711 2810 eo
732 2733 955 2812 confidebat.
1001 2731 1101 2826 Quia
1128 2733 1275 2832 etipse
1310 2733 1518 2834 episeopus

391 2861 560 2938 Joonnes
581 2859 805 2958 Crassatus,
837 2883 946 2959 quem
974 2883 1045 2957 ego
1064 2861 1103 2935 in
1122 2859 1293 2938 Zerenoh
1312 2861 1515 2938 oomenda-

390 2989 477 3064 bam
505 2987 646 3064 Joanni
675 2987 793 3084 Regi,
823 2987 920 3064 siout
946 2987 1128 3087 seriptum
1156 2993 1233 3083 est,
1264 2995 1303 3064 et
1328 2987 1413 3087 ipse
1431 2999 1518 3067 erat

391 3115 585 3212 equitabat
597 3116 678 3212 jam
697 3137 780 3190 oum
803 3114 929 3192 Turno
949 3114 1165 3210 Valentino,
1186 3115 1410 3214 sioutoapra
1428 3139 1515 3194 oum

389 3243 526 3342 lwppo,
547 3239 759 3320 etinfidelis
779 3251 862 3320 erat
880 3249 1011 3320 eontra
1022 3242 1167 3340 Regem
1186 3243 1384 3321 Joannem.

497 3365 588 3444 Mox
607 3367 777 3446 Joannes
796 3369 880 3445 Rex
899 3370 944 3445 de
971 3368 1097 3470 Lippa
1124 3369 1230 3447 misit
1256 3391 1516 3470 precursores.

390 3495 517 3572 Primo
527 3517 640 3571 voum
659 3495 707 3571 ad
724 3495 877 3574 Petrum
895 3497 1095 3574 vaiuodom
1117 3495 1514 3578 Moldauiensemonm

392 3621 562 3720 epistolis
586 3622 776 3721 suplioans
804 3631 842 3698 et
867 3630 999 3721 petens
1027 3625 1144 3703 verbo
1171 3624 1345 3724 suplioo:
1378 3623 1516 3722 „Quod

393 3747 539 3843 statim,
559 3727 679 3826 amioe
698 3749 791 3826 mihi
810 3773 917 3845 oare,
943 3772 1053 3847 quam
1084 3751 1294 3850 peroptime
1320 3774 1403 3828 oum
1431 3753 1515 3830 bel·

390 3875 467 3949 lioa
501 3881 567 3951 tua
594 3883 674 3952 arte
702 3875 925 3976 preparabis
953 3883 992 3952 et
1026 3882 1063 3951 te
1101 3883 1232 3953 eontra
1267 3877 1516 3956 Valentinum

391 3999 558 4096 Therek‚
579 4023 689 4099 quem
707 4000 904 4078 adversum
924 4025 983 4080 me
1003 4009 1075 4098 est
1093 4001 1238 4078 demum
1249 4002 1513 4100 tibirefloiam,

391 4127 489 4224 quod
518 4127 624 4205 Deus
650 4128 858 4206 altissimus
885 4129 922 4204 in
952 4127 1078 4205 sedem
1115 4150 1234 4205 meam
1272 4127 1513 4227 Regietatem

392 4254 534 4332 Buden.
554 4254 747 4334 resedebo.
768 4253 878 4349 Quod
895 4256 929 4334 si
948 4255 1106 4334 moverit
1124 4278 1166 4332 se
1186 4277 1278 4354 erga
1296 4256 1511 4358 nobisLip-

389 4405 496 4480 pam,
517 4382 604 4459 ilioo
622 4389 708 4482 post
737 4405 893 4481 sequere
922 4383 1036 4460 debes
1063 4383 1222 4482 ipsum.“
1244 4381 1367 4458 Inde:
1400 4383 1512 4482 „Ego

391 4508 538 4605 quidem
549 4533 631 4586 oum
654 4510 748 4587 meis
766 4509 939 4588 fidelibus
949 4517 1126 4609 qnantum
1145 4531 1298 4610 possum
1310 4511 1343 4606 ;“
1367 4517 1405 4586 et
1421 4535 1512 4610 spo-

390 4635 523 4734 pondit
540 4633 637 4733 Regi
657 4636 817 4733 Joanni,
838 4638 937 4736 quod
961 4661 1034 4713 non
1063 4639 1179 4716 vellet
1206 4636 1427 4736 derelinqui.
1457 4639 1512 4714 Et

392 4759 507 4838 alium
537 4783 794 4862 preoursorem
830 4765 879 4842 ad
914 4767 1064 4844 bassam
1101 4761 1371 4844 Mehmethbek
1408 4765 1514 4845 misit
