3294 5208
31 4795 33 4873 l

32 4995 34 5054 l

1192 471 1244 552 35

145 669 332 746 Emeriens
350 665 508 747 Therek
526 667 572 746 de
591 675 796 748 Zttettooro
808 667 856 772 ³¹²).
878 671 929 746 Et
946 671 992 746 de
1009 695 1147 768 genere
1167 697 1245 750 ma-

141 804 332 892 gnatorum
352 794 486 896 Groph
504 794 560 898 **)
588 796 731 896 aceepit
758 779 869 874 inam
887 799 1054 895 pnloram
1080 800 1245 897 puellam

141 923 185 997 ad
200 925 407 1021 legitimum
425 923 592 1020 thorum,
621 930 660 998 et
677 924 715 998 in
735 923 867 1021 Regno
886 923 1043 1002 Oroaoie
1062 925 1247 1004 delibera

142 1073 253 1128 uxore
271 1050 405 1129 habuit
422 1051 515 1128 dnos
534 1050 633 1128 filios
659 1053 866 1147 masculos3
895 1075 990 1130 unns
1018 1077 1152 1130 nomen
1180 1078 1245 1130 vo·

139 1181 289 1256 sabatur
308 1179 382 1255 dux
413 1178 611 1278 Gristoph,
641 1186 679 1253 et
706 1179 827 1256 minus
854 1179 1042 1276 Joannes,
1071 1188 1157 1280 post
1174 1179 1244 1257 heo

144 1330 252 1381 vnam
271 1307 447 1384 ancillam
466 1307 576 1384 nimis
595 1308 688 1383 form
700 1303 772 1408 (oe)
783 1331 855 1382 am.
869 1307 920 1382 Et
938 1308 1142 1386 altissimus
1160 1331 1245 1408 pro-

140 1432 288 1510 uidebat
315 1434 501 1512 Joannem
530 1432 733 1512 Coruinum
752 1457 835 1508 enm
853 1458 1036 1533 prospera
1052 1437 1172 1530 bona3
1192 1441 1245 1510 et-

138 1561 248 1635 tenim
276 1560 431 1638 ankos
458 1562 569 1638 valde
608 1563 861 1660 repugnabat,
891 1569 929 1638 et
945 1563 991 1642 ,ei
1019 1585 1102 1638 sors
1129 1561 1247 1638 multa

23 1753 24 1788 p
139 1685 340 1764 uouebat
366 1686 634 1787 properetis
662 1688 741 1766 suis
769 1687 875 1766 neus
894 1688 1082 1766 anuaoat.
1111 1689 1180 1766 rso
1199 1688 1248 1764 ao
1348 1663 1353 1681 '

23 1875 24 1886 r
138 1811 207 1890 huo
242 1821 439 1911 magnates
474 1811 679 1918 (Hungari)
716 1815 952 1894 exaudebant
987 1815 1059 1893 sibi
1095 1823 1247 1914 propter

138 1941 252 2038 prolis
271 1964 381 2038 suos,
405 1949 442 2016 et
469 1964 552 2018 oum
580 1945 722 2039 magna
743 1943 993 2042 prosperitate
1022 1925 1248 2040 providisset

139 2066 259 2164 Dens,
290 2070 493 2168 sperabant
511 2069 559 2144 ad
577 2069 650 2144 huo
669 2070 707 2144 in
726 2091 821 2144 enm.
851 2071 902 2146 Et
929 2075 1193 2146 ooneesserunt
1212 2071 1247 2144 ei

138 2201 290 2293 propter
308 2196 447 2274 liberos
466 2219 555 2273 suos
565 2197 604 2272 in
613 2196 746 2294 Regno
762 2197 957 2294 Hungarie
975 2197 1245 2298 possessiones,

139 2321 309 2398 videlieet
333 2322 474 2423 Gywla
492 2347 615 2400 arcem
635 2325 675 2400 in
695 2325 894 2404 Kereskez
915 2347 997 2402 enm
1015 2315 1245 2402 sessionibus

137 2448 233 2542 snis3
263 2455 302 2524 et
328 2451 578 2548 promiserunt
616 2475 739 2528 aroem
777 2453 1018 2548 Vilagoswar
1055 2473 1137 2527 enm
1164 2451 1243 2528 suis

138 2577 398 2674 prouentibus3
417 2578 535 2654 eciam
554 2585 817 2656 concesserunt
835 2575 907 2654 sibi
926 2601 1049 2655 aroem
1066 2578 1106 2652 in
1125 2577 1247 2653 Baeh-

139 2729 242 2804 mege
260 2706 451 2784 Zabattlra
469 2729 552 2783 eum
580 2707 727 2784 telluris
754 2705 853 2800 suis3
883 2711 1146 2782 concesserunt
1173 2702 1246 2780 sibi

139 2833 175 2907 in
192 2840 325 2932 quarto
353 2834 436 2910 loeo
461 2835 571 2932 juxta
599 2833 813 2910 Danubium
834 2831 898 2906 fini
918 2827 987 2933 (in)
1014 2831 1139 2908 insula
1167 2827 1246 2904 Sir-

139 2959 268 3038 miensi
298 2985 422 3038 arcem
449 2959 660 3058 Oberwgh,
690 2983 773 3036 cum
801 2957 1158 3057 pertinenciis-suis.
1196 2954 1248 3029 Et

134 3089 210 3184 jnm
228 3090 330 3166 laute
349 3089 496 3166 solebat
514 3088 642 3166 viuere
670 3087 840 3166 Joannes
859 3083 1046 3163 Coruinus
1073 3087 1246 3184 respectu

139 3215 296 3296 filiorum
315 3238 477 3294 suorum.

453 3445 782 3552 (eternorum
802 3443 928 3548 mv).

241 3649 334 3728 Inde
363 3649 510 3749 quidem
545 3652 817 3726 eoronauerunt
854 3643 999 3721 asinum
1027 3641 1247 3718 Ladislanm

141 3777 323 3856 Kazimiri
343 3779 406 3856 isti
424 3777 646 3877 proditores.
676 3775 721 3850 In
740 3775 817 3851 illis
845 3773 976 3848 diebus
994 3770 1146 3846 vivebat
1165 3769 1245 3866 qni-

142 3903 221 3982 dam
237 3907 403 4004 Glogor‚
434 3905 616 3982 maximus
644 3925 763 4000 sagax
783 3901 841 3978 vir
860 3901 898 3976 in
917 3887 1016 3976 omni
1035 3897 1191 3996 seientia
1209 3895 1248 3969 in

143 4033 296 4131 collegio
315 4032 590 4111 Craeowiensis
608 4029 731 4124 vrbis3
752 4049 907 4125 eumque
926 4027 964 4101 in
984 4022 1161 4101 cathedra
1179 4043 1248 4098 sua

144 4158 292 4256 legisset
310 4159 554 4256 astrologiam
572 4165 608 4233 et
618 4155 856 4250 decreuisset,
877 4153 979 4230 illioo
990 4173 1085 4226 vnus
1095 4147 1247 4225 studens

145 4283 343 4384 Hungarus
361 4285 407 4361 (le
425 4307 562 4383 genere
589 4282 789 4378 nobilium,
819 4281 881 4378 qni
901 4278 946 4354 de
965 4275 1159 4373 Hungarie
1188 4273 1248 4348 lit·

145 4415 239 4490 teras
265 4415 509 4515 protulissent
527 4412 571 4487 de
591 4409 843 4488 koronaoione
861 4405 1030 4484 Ladislai
1050 4399 1247 4480 Kazimiri.

177 4671 201 4738 ⁶)
220 4669 283 4728 llio
300 4673 430 4746 agykorn
450 4676 503 4736 ker
523 4675 680 4750 „Zygetlr.“
734 4657 743 4662 ⁸

161 4761 197 4830 ”l
215 4759 294 4820 ΑΝ
312 4765 505 4843 hangeptn,
527 4765 634 4825 ertetil
651 4761 826 4840 Frangepin
844 4761 971 4821 Boatrix.
1046 4829 1093 4918 3*
