3260 5226
407 479 486 560 846

402 703 545 784 pauper
572 680 762 775 ioannes,
801 683 864 778 qui
892 683 964 760 sibi
993 683 1180 761 retullerit
1206 705 1342 761 nouum
1370 683 1517 776 umam,

401 814 538 886 extunc
555 807 628 884 sibi
650 799 699 885 19
727 806 890 886 florenos
908 807 1066 887 haberet
1093 810 1132 886 in
1159 810 1334 888 manibus
1351 811 1443 888 suis.
1470 812 1520 888 Et

402 941 574 1034 respectu
602 934 906 1033 repromissionis
925 933 1042 1030 Regis
1067 935 1225 1033 quilibet
1249 937 1455 1034 vigilabat,
1483 945 1521 1014 ct

403 1084 519 1158 equos
547 1061 817 1138 conseruabant
834 1083 912 1138 rem
932 1061 1054 1138 istam.
1084 1062 1224 1139 Postea
1251 1063 1396 1140 demum
1415 1065 1520 1142 multi

403 1189 623 1282 emebant,
649 1186 716 1264 sed
734 1209 831 1266 vnus
858 1195 1056 1287 acceperat
1083 1189 1263 1266 bronium.
1292 1189 1338 1266 In
1356 1191 1520 1276 Versae,

403 1316 497 1392 etin
515 1313 721 1412 Naghtwr,
751 1316 850 1390 etin
868 1315 1062 1393 Voradino
1089 1317 1209 1394 tribus
1236 1316 1368 1394 dicbus
1393 1319 1519 1417 pulsa-

402 1445 539 1520 bantur
557 1465 737 1540 campane
755 1465 823 1542 per
842 1443 1095 1541 campanistas
1114 1466 1197 1520 cum
1215 1445 1353 1541 gaudio
1371 1467 1518 1542 magno.

512 1567 588 1646 Sed
606 1575 805 1666 antequam
825 1567 1016 1645 exordium
1035 1569 1225 1646 habemus.

511 1697 611 1772 Dum
625 1699 706 1794 jmu
725 1718 807 1772 cnm
827 1693 975 1791 Regina
993 1696 1033 1771 in
1052 1696 1196 1774 duobus
1214 1697 1325 1774 annm
1343 1697 1524 1774 resideret

407 1823 530 1917 Budc,
560 1823 661 1899 iama
687 1823 860 1919 vigebat,
897 1822 994 1918 quod
1023 1821 1172 1918 Regina
1200 1832 1301 1900 esset
1326 1831 1521 1922 prognata,

406 1949 602 2026 consilium
632 1947 764 2024 habuit
789 1947 873 2024 Rex
901 1947 1070 2025 Joannes
1088 1949 1173 2026 dum
1199 1949 1406 2028 scriberent
1423 1973 1523 2029 anuo

410 2073 515 2154 1534
532 2073 567 2179 *)
595 2099 661 2174 per
688 2075 894 2172 Reginam,
914 2083 952 2151 et
969 2099 1037 2176 per
1055 2076 1152 2153 aiios
1178 2079 1404 2156 secretarios
1423 2101 1523 2172 suos,

405 2204 504 2302 qued
522 2203 561 2278 in
580 2211 723 2302 septem
750 2202 860 2280 annis
887 2203 1074 2281 racionem
1103 2227 1176 2282 non
1201 2205 1365 2282 dedisset
1383 2203 1525 2302 Regie-

303 2333 308 2352 '
405 2331 496 2409 stati
512 2332 631 2408 irater
650 2329 852 2428 Georgius.
877 2331 981 2428 „Nec
1000 2340 1224 2411 memoretur
1242 2355 1434 2432 persuum
1454 2334 1523 2410 hu·

406 2458 641 2554 manitatem,
661 2465 702 2533 vt
719 2459 875 2534 eliceret
901 2458 993 2534 mihi
1019 2459 1209 2536 racionem
1228 2459 1405 2558 reddere,
1434 2463 1526 2559 qnia

409 2587 537 2664 audiui
551 2589 629 2685 jam
650 2611 674 2662 a
692 2586 838 2681 multis,
869 2585 967 2683 quod
985 2585 1209 2686 dissipasset
1234 2584 1349 2665 Sacre
1377 2585 1527 2665 Corone

408 2715 687 2815 provinciarum
714 2720 934 2812 prouentum
953 2713 992 2789 in
1011 2737 1149 2810 magna
1167 2713 1407 2791 desolacione
1425 2738 1524 2792 ewe-

407 2843 537 2920 nissct.
566 2839 675 2933 Quod
700 2839 890 2917 audieram
910 2863 934 2915 a
951 2841 1114 2939 plebano
1143 2837 1311 2937 Georgio
1335 2840 1525 2920 Cumano·

406 2993 488 3048 rum
506 2970 545 3045 in
563 2967 769 3065 Naghtwr‚
800 2967 896 3066 quod
918 2969 1037 3045 irater
1056 2965 1245 3065 Georgius
1262 2967 1526 3048 thesaurarius

408 3098 665 3197 episcopatum
693 3117 799 3172 sunm
832 3093 1116 3173 Waradicnsem
1154 3097 1412 3192 angmentauit
1440 3119 1523 3174 cum

403 3223 671 3323 jobagicuibus
691 3221 806 3298 Sacro
825 3220 996 3317 Coron03
1015 3221 1115 3320 quod
1132 3244 1203 3318 ege
1222 3247 1295 3298 non
1314 3222 1525 3316 credebam,

409 3350 477 3429 sed
503 3351 609 3428 solus
635 3351 967 3450 perlustraucram.
997 3350 1145 3426 Extunc
1173 3351 1228 3426 ita
1257 3349 1384 3430 inveni
1412 3351 1526 3428 villas

412 3479 613 3577 desolatus,
634 3503 708 3556 non
722 3479 990 3557 refocillandas
1009 3478 1248 3574 domossnos,
1268 3477 1525 3578 seddircptas,

410 3631 455 3684 ec
473 3608 613 3684 awlsas
631 3605 866 3683 testitudines
894 3605 1084 3682 domorum
1103 3626 1264 3682 suornm.
1293 3603 1385 3682 idco
1405 3607 1525 3705 preci·

295 3815 300 3825 ,
409 3733 473 3833 pio
490 3733 570 3830 tibi,
592 3733 704 3810 Petre
724 3732 872 3826 Marce,
893 3733 991 3830 quod
1009 3733 1136 3810 statim
1155 3733 1362 3812 constituas
1380 3752 1526 3830 compc-

410 3862 530 3939 nistss
548 3859 596 3936 ud
614 3861 853 3940 scrutandum
881 3859 1107 3956 Philistecs,
1136 3867 1175 3936 et
1201 3860 1298 3936 inter
1325 3857 1526 3952 Cumanos,

412 3999 450 4064 et
467 4013 491 4064 a
509 3995 653 4088 septem
672 3987 782 4064 annis
800 3987 849 4063 ud
868 3986 1111 4064 hancanuum
1122 3987 1319 4088 accipiatis
1337 3987 1527 4064 racionem

412 4123 450 4191 ct
466 4115 671 4193 tassionem
695 4117 765 4192 sub
789 4117 1002 4213 juramento
1020 4139 1044 4190 a
1063 4115 1207 4192 dicibns
1226 4121 1264 4190 ct
1281 4135 1350 4215 per
1367 4113 1528 4214 scriptas

410 4243 562 4320 libellos
590 4243 804 4342 accipiatis,
825 4251 864 4320 et
881 4243 1025 4322 demum
1055 4243 1143 4320 mihi
1171 4265 1283 4342 qnam
1301 4243 1421 4320 cicius
1439 4242 1526 4318 edu·

412 4370 542 4447 catio.“

448 4679 478 4750 θ)
498 4676 593 4733 'l'ehdt
623 4679 744 4735 152⁷·to'i
765 4675 852 4752 iogva
870 4677 1042 4735 Mertinuuei
1063 4675 1181 4752 oyergy
1200 4671 1324 4732 tissimi
1343 4693 1361 4732 s
1379 4671 1525 4732 wimadi·

413 4765 467 4823 ask
484 4767 672 4823 elmandtak.
