3226 5220
1132 489 1207 569 161

77 772 81 783 ,
109 685 238 762 ferebat
265 679 336 787 (in)
361 681 480 759 corde.
511 683 596 778 Ego
622 706 782 783 nemppe
807 683 1089 784 existimabam,
1110 693 1209 788 quod

110 811 297 910 Regiestus
314 809 433 916 {faciet
460 834 544 887 eum
569 817 718 910 captum
746 813 794 888 ad
822 819 964 891 Cicada
991 830 1094 894 toron
1122 843 1208 918 pro-

109 939 234 1036 iecere,
264 945 429 1016 attamen
455 937 575 1035 neglit
602 939 738 1014 iacere.
768 939 951 1015 Dicebam
976 964 1046 1039 ego
1066 944 1104 1019 in
1132 969 1206 1020 me:

111 1071 185 1162 „Tol
199 1070 289 1164 peclt
305 1093 383 1142 nem
400 1065 582 1161 ctcerpwa,“
605 1066 702 1140 sicut
724 1064 897 1163 Hungari
916 1069 1038 1144 solent
1056 1071 1096 1145 in
1113 1097 1201 1171 pro·

110 1193 233 1270 uerbiia
256 1193 338 1269 suin
365 1191 500 1294 dicere.
531 1192 582 1266 Et
602 1193 708 1267 multi
736 1193 882 1269 nobiles
911 1196 1126 1272 comitatum
1144 1222 1205 1275 co-

110 1319 203 1395 miter
239 1319 412 1396 nolebant
446 1318 597 1416 venire,
636 1322 876 1416 quamobrem
912 1329 1012 1397 esset
1047 1325 1209 1400 vaiucda

23 1499 24 1512 l
111 1443 383 1542 Transiluanue‚
403 1452 441 1520 et
459 1446 620 1520 maxime
639 1448 1210 1548 conquerebantetsuplicabant

111 1572 174 1670 eir,
196 1574 260 1672 qui
279 1581 385 1651 eraut
403 1573 449 1648 de
468 1573 716 1670 Bachmegie,
747 1597 903 1670 quorum
923 1575 1071 1654 Turcue
1090 1577 1209 1655 Cesar

111 1701 355 1794 possessiones
373 1722 463 1778 cuae
482 1700 737 1796 desolaueret,
758 1707 795 1776 et
813 1703 939 1800 ipses,
966 1725 1060 1800 quoa
1078 1712 1208 1803 potue-

112 1834 183 1901 rant
215 1827 499 1904 interficiebant.
538 1826 638 1918 Quia
676 1826 780 1904 Ohar
817 1827 923 1904 Iwan
957 1829 1103 1908 dicebat
1131 1833 1207 1910 ais:

114 1951 314 2052 „Pauperen
341 1952 535 2051 Hungari,
560 1956 639 2052 jam
668 1977 742 2029 non
761 1956 850 2031 licet
867 1955 976 2032 vobis
1005 1958 1208 2036 istamter-

111 2101 179 2155 ram
204 2080 418 2180 possidere,
448 2081 536 2179 quia
553 2081 613 2158 vis
631 2083 830 2158 mnrtnluzi
849 2084 889 2158 in
906 2105 981 2159 vna
999 2092 1107 2161 nocte
1126 2086 1208 2160 viu-

111 2214 178 2286 ctoe
202 2209 449 2310 perducerent
475 2209 524 2285 ad
551 2210 874 2288 Nandcr-Albam.
913 2213 1019 2309 Ergo
1056 2215 1208 2291 nescitis

110 2335 187 2430 quid
203 2337 378 2436 optetis.“
409 2336 461 2412 Et
487 2337 750 2416 benedicebat
776 2338 885 2436 niger
904 2339 1014 2415 homo
1035 2369 1044 2414 :
1069 2337 1208 2442 „(Egc)

23 2537 24 2550 Ν
111 2460 207 2538 iatam
240 2471 380 2541 terram
417 2462 615 2562 expediam
643 2489 667 2539 a
694 2463 831 2542 'lurcio
860 2473 898 2540 et
924 2466 1086 2544 insulam
1115 2466 1208 2544 siri-
1272 2481 1280 2502 ·

23 2641 24 2682 p
110 2590 310 2668 memem.“

200 2717 327 2814 Quare
344 2717 393 2794 ad
411 2719 565 2795 Petrum
584 2725 666 2794 erat
694 2741 832 2814 magna
850 2717 1046 2817 confinem,
1067 2743 1142 2796 non
1160 2719 1208 2795 ad

110 2841 238 2942 Regem
265 2847 474 2941 Joannem;
493 2846 582 2944 quia
600 2847 670 2922 sub
699 2845 789 2921 moli
816 2854 967 2945 pastore
994 2848 1133 2946 luppun
1150 2849 1206 2923 la-

110 2993 194 3048 nam.
212 2979 330 3050 cacat.
360 2973 412 3047 Et
430 2971 604 3048 dicebant
629 2973 777 3049 nobiles
797 2999 806 3045 τ
831 2973 1015 3069 „Domine
1032 2973 1205 3069 vaiuoda,

111 3121 148 3174 ne
173 3099 409 3198 derelinquas
426 3123 496 3176 noa
515 3098 732 3197 horphanos
760 3106 914 3198 propter
941 3123 1106 3177 amorem
1133 3101 1207 3176 Dei

23 3209 24 3230 ¹
111 3227 396 3327 omnipotentiae
419 3225 529 3302 Dixit
546 3227 602 3302 eis
622 3227 759 3303 Petrus
777 3226 967 3302 vaiucda:
992 3227 1116 3324 „Ecce
1126 3247 1208 3302 cum

23 3367 24 3450 ξ
111 3347 203 3450 Rege
220 3355 308 3431 volo
326 3353 503 3452 expedire
523 3354 740 3458 priusquam
752 3352 785 3448 ‚“
808 3349 876 3454 (et)
895 3353 1050 3428 intrauit
1068 3352 1115 3429 ad
1133 3353 1207 3428 Re-

23 3471 24 3510 ³
110 3497 191 3572 gem
212 3481 262 3556 Et
279 3481 425 3578 Regem
443 3481 469 3561 J
472 3505 629 3558 oannem
648 3480 759 3556 valde
779 3483 964 3577 arguebat
983 3488 1020 3556 et
1038 3479 1205 3558 dicebat:

114 3601 317 3698 „Ordinasti
335 3630 449 3707 super
467 3629 535 3684 uos
554 3609 720 3702 hostem,
750 3629 820 3703 ego
849 3609 936 3684 volo
955 3608 1079 3706 ipsum
1099 3607 1146 3682 ad
1164 3605 1206 3680 o-

111 3727 181 3808 dem
197 3757 318 3810 meam
336 3732 556 3832 extinguere
575 3735 681 3809 illum
699 3735 894 3830 latronem,
915 3733 1013 3832 quod
1026 3756 1100 3809 non
1113 3731 1209 3808 vidit

112 3855 658 3960 adhuchcminemistepetko.“
682 3860 766 3955 Ego
786 3861 935 3958 quidem
952 3882 1064 3935 vnum
1083 3860 1207 3958 capel-

111 3977 224 4062 lanum
250 3993 455 4064 statueram
482 3988 517 4064 ei
545 3988 693 4065 nomine
721 3985 928 4085 anperum
957 3987 1002 4062 dc
1030 3986 1206 4082 Verebel,

112 4111 187 4204 quia
204 4137 273 4191 sua
290 4116 574 4213 magnificencia
600 4119 760 4214 rogabat
786 4139 864 4210 me,
893 4122 934 4191 vt
960 4116 996 4191 ei
1014 4137 1127 4191 vnum
1145 4135 1206 4188 ca·

112 4239 288 4332 bellunum
307 4241 516 4320 ordinarem
527 4244 611 4320 eibi.
629 4244 681 4319 Et
697 4243 859 4320 transiui
870 4243 918 4318 ad
927 4243 1080 4320 Petrum
1099 4239 1205 4317 Prini

113 4365 246 4462 uajdam
273 4367 452 4465 Trunca,
482 4370 577 4446 vtei
596 4369 796 4447 adfaciem
823 4371 1033 4467 loquerem,
1062 4374 1101 4444 et
1118 4391 1204 4444 ecn-

111 4488 223 4570 u'lium
240 4495 458 4574 suaderem.
477 4495 607 4597 Ipsum
624 4521 700 4575 non
717 4497 865 4593 inveni,
885 4495 953 4574 red
970 4493 1205 4594 capellanum

113 4611 323 4718 (impurum.
366 4620 602 4724 Interrogani
636 4647 741 4722 eum,
779 4623 869 4722 qnid
904 4623 1085 4720 arguebat
1120 4644 1204 4699 cum

113 4741 216 4842 uaga.
240 4745 350 4824 Dixit
374 4749 495 4828 mibi:
519 4752 663 4854 „vera
692 4751 840 4830 domine
867 4747 1030 4848 Georgi,
1058 4747 1204 4828 videbis

155 4879 336 4930 mma.
352 4889 369 4930 ι.
706 4891 709 4898 ·
996 4854 1046 4936 ll
