3248 5210
1158 505 1209 587 79

126 703 278 800 ligamim
304 707 508 802 subtraque
538 725 721 780 consensu
748 705 868 802 patris
893 705 1011 781 nostri
1030 703 1214 804 Stephani

126 831 337 928 thancmari,
364 833 548 929 quondam
567 831 709 908 Mathia
729 831 847 926 Regis
874 838 1051 930 tempore.
1072 831 1213 909 Simili-

126 967 169 1031 ter
184 957 409 1036 Laurencius
427 961 501 1036 dux
520 959 635 1036 habet
662 959 809 1032 literam
838 981 920 1033 cum
942 961 1048 1035 bulla
1067 984 1089 1035 a
1108 969 1214 1059 patre

127 1091 253 1180 nosh03
271 1084 356 1162 ideo
373 1107 550 1182 rogamus
568 1091 732 1160 vestram
751 1083 1010 1182 dileccionem,
1031 1093 1071 1160 vt
1089 1110 1215 1163 curam

128 1209 298 1307 adhibeas,
309 1233 419 1308 quam
429 1211 628 1307 diligenter
646 1211 789 1308 potes.“
812 1209 1026 1308 Stephanus
1041 1213 1216 1292 Verbech

129 1339 440 1433 congregacionem
470 1360 517 1412 cx
545 1337 807 1413 commissione
835 1337 955 1433 Regie
984 1338 1217 1436 Majestatis;

129 1469 157 1533 et
172 1472 343 1539 venerunt
360 1465 496 1563 partim
519 1470 662 1540 tantum
681 1463 729 1539 ad
747 1463 852 1539 Petri
871 1479 908 1537 et
927 1465 1038 1540 Pauli
1056 1465 1217 1564 Aposto-

129 1588 239 1666 lorum.
275 1591 337 1666 Ita
364 1591 562 1668 admodum
589 1591 628 1665 in
660 1591 992 1686 congregacionem
1030 1591 1220 1691 Georgius

130 1712 347 1813 Seposiensis
375 1740 500 1794 secum
526 1717 714 1816 predictos
742 1717 912 1793 homines
936 1719 1081 1795 alienos
1100 1719 1148 1794 ad
1166 1719 1219 1796 di-

131 1845 353 1918 scernendum
371 1845 463 1920 iuris
481 1845 580 1919 iuter
599 1842 805 1939 Georgium
825 1841 1090 1940 Sepusiensem
1110 1853 1147 1920 et
1164 1847 1220 1922 in-

132 1975 176 2042 ter
199 1967 416 2046 Ladislaum
443 1971 561 2048 More.
591 1971 643 2045 Et
660 1971 699 2044 in
718 1969 867 2068 publico
895 1970 979 2045 loco
998 1972 1037 2045 in
1057 1973 1220 2050 claustro

29 2171 30 2208 r
131 2091 162 2168 S.
175 2095 317 2171 Petriin
328 2097 419 2174 Pest
429 2103 690 2192 conuenerunt,
709 2102 746 2171 et
760 2095 813 2171 ibi
828 2096 926 2171 inter
940 2096 1082 2174 iudices
1098 2121 1223 2175 coram

28 2224 30 2250 “
133 2217 328 2322 Stephanus
346 2226 540 2324 proposuit
557 2224 745 2321 Verbech,
760 2221 803 2275 ²⁴·
818 2219 894 2328 ap.
907 2231 945 2300 et
963 2226 1121 2322 posthac
1138 2250 1224 2325 pro-

28 2363 29 2390 ÷
136 2359 267 2427 curator
285 2373 376 2428 suus
395 2349 566 2428 Ladislai
586 2347 723 2454 (More)
741 2351 890 2426 nomine
908 2349 1023 2446 Nagh
1040 2349 1161 2428 Lazlo
1180 2352 1225 2428 de

133 2470 278 2573 Somogh
307 2479 401 2555 satis
438 2485 582 2556 astutus
620 2486 701 2552 erat
725 2478 765 2552 in
791 2476 998 2552 rusticitate
1026 2501 1115 2574 sua3
1143 2479 1224 2577 ipse

136 2605 326 2700 respondit,
356 2605 455 2702 quod
472 2607 595 2681 viuen.
620 2603 850 2680 Laurencius
878 2603 953 2679 dux
972 2611 1227 2701 prouocasset,

27 2753 28 2794 i
136 2735 164 2800 ct
179 2733 469 2828 prouocatoriam
497 2756 571 2808 non
598 2737 735 2830 posunt
753 2731 825 2806 cito
843 2731 1021 2828 reperire.
1051 2737 1226 2810 Attamen

135 2873 188 2948 per
218 2859 395 2934 astuciam
433 2859 723 2957 praptioacionis
758 2857 833 2933 iam
862 2853 930 2958 (in)
958 2863 1104 2955 promtu
1133 2864 1225 2953 erat,

27 2969 28 2972 ‘
136 2982 218 3072 quod
235 2986 441 3062 sensissent
455 2985 634 3083 judicium
653 2985 733 3059 iore
752 2983 800 3058 ad
818 2983 1111 3060 discernendum.

226 3111 337 3208 Erat,
357 3113 478 3208 ercle,
504 3113 602 3187 inter
621 3111 831 3188 aurifabros
849 3109 1055 3187 Alemanus
1075 3111 1228 3186 Blasius

136 3237 297 3332 magister
315 3240 505 3316 aurifaber
523 3239 683 3338 optimus
694 3239 931 3334 eratsigillos
950 3239 1134 3314 fabricare
1153 3261 1230 3314 sew

138 3364 308 3462 sculptare
333 3363 380 3468 *).
428 3363 550 3468 (Post)
583 3389 826 3466 vesperezam
862 3365 1021 3440 invitare
1058 3365 1148 3439 fecit
1183 3363 1231 3438 ad

138 3507 269 3588 cenam,
290 3501 328 3568 et
345 3499 512 3590 portaret
531 3515 656 3569 seeum
674 3492 951 3568 fabricatoriam
970 3513 1096 3585 suam3
1120 3491 1231 3588 „quia

139 3609 287 3694 dominus
305 3619 372 3693 wlt
398 3623 519 3694 tecum
548 3618 696 3714 aliquas
723 3641 785 3694 res
814 3617 1007 3716 preciosas
1035 3617 1231 3692 emendare

27 3739 28 3762 ¹
140 3759 175 3810 ao
190 3763 295 3818 unum
322 3744 509 3840 sigillum,
539 3751 576 3818 et
604 3746 698 3820 hene
727 3743 794 3820 tibi
823 3745 980 3820 soluet.“
1011 3741 1099 3840 Ipse
1119 3741 1230 3816 dixit:

27 3939 28 3974 3
144 3862 293 3954 „videbo
311 3871 541 3968 priusquam,
562 3871 611 3945 ad
630 3870 718 3967 quid
737 3869 853 3945 debeo
871 3871 1116 3945 instrumenta
1134 3889 1227 3962 meo,

27 3997 28 4050 ἓ
140 3995 179 4070 ad
193 3996 274 4092 quid
291 3999 394 4072 valet
416 3999 605 4097 portare.“
638 3998 689 4072 Et
706 3997 794 4091 init,
815 3998 908 4071 etin
928 4019 1020 4070 cena
1038 3997 1133 4072 bene
1152 4001 1227 4068 tra·

27 4147 28 4152 ‘
141 4129 322 4202 nouerant.
343 4123 506 4200 Posthac
524 4123 564 4198 in
582 4124 721 4199 oelario
741 4124 841 4198 inira
860 4124 1064 4198 duxerunt:
1080 4121 1233 4218 „Donec

142 4269 200 4324 non
216 4253 331 4329 exibis
350 4251 453 4347 inde,
480 4253 597 4328 donec
616 4253 781 4348 sigillum
800 4251 918 4348 Regis
938 4249 1107 4325 Ladislai
1126 4249 1233 4326 nobis

142 4393 202 4450 non
222 4377 372 4455 hicabis
400 4377 446 4453 de
474 4379 607 4455 nouo.“
640 4376 727 4475 Ipse
757 4377 904 4474 quidem
932 4376 1093 4450 aiebat:
1126 4375 1233 4472 „Ego

177 4681 199 4746 'i
216 4681 275 4738 nra
292 4683 347 4740 ker
365 4703 383 4740 a
400 4683 519 4740 creden:
543 4684 676 4754 „Blenina
706 4685 829 4742 Ewtwer
855 4679 991 4738 Ladialao
1010 4679 1090 4737 crore
1108 4677 1180 4734 iacit
1200 4677 1235 4732 ιί-

151 4767 237 4838 lilim
252 4771 381 4832 falsum*
