3238 5228
378 501 456 581 296

378 700 627 802 prenominati
655 699 749 793 viri,
785 697 963 798 precipue
990 695 1215 774 Franciseos
1250 695 1432 793 Kercesi,
1459 703 1503 774 et

379 827 510 908 dixit:
544 827 667 924 „Vere
695 831 795 902 certe
823 823 952 900 dixit.“
992 823 1041 898 Et
1067 825 1184 900 verba
1217 845 1286 900 sua
1316 823 1502 901 suffocatu

378 957 539 1050 lecerat,
570 952 668 1051 quod
686 954 796 1051 plora
822 951 975 1028 volebat
1003 949 1252 1049 pronunciare
1270 973 1343 1027 non
1362 951 1502 1028 amise-

380 1089 467 1162 runt
485 1082 596 1182 plura
625 1080 768 1174 dicere,
798 1077 864 1155 sed
892 1078 1083 1154 silentium
1102 1078 1357 1178 imposuerunt
1373 1079 1431 1174 ei,
1452 1103 1502 1155 ne

380 1209 508 1308 aliqua
539 1207 640 1284 tedia
676 1213 842 1307 paratur.
881 1205 931 1280 Et
957 1203 1039 1282 Rex
1067 1205 1136 1280 heo
1165 1204 1311 1282 audien.
1339 1205 1503 1282 silencio

377 1359 491 1436 passu
511 1334 655 1411 exiliuit
673 1333 718 1409 de
738 1334 897 1428 angulo,
919 1338 958 1408 et
976 1339 1115 1430 postea
1144 1331 1304 1408 Keressi
1331 1331 1506 1410 totaliter

382 1464 578 1540 fabulabat
596 1460 692 1558 Regi
711 1458 882 1538 Joannis.
912 1457 994 1534 Rex
1018 1457 1162 1536 audien.
1192 1481 1310 1556 vsque
1329 1458 1503 1536 induem

380 1590 503 1666 dixit:
537 1587 609 1686 „ut
635 1611 705 1684 ego
734 1586 788 1662 sic
815 1585 961 1681 audini,
991 1585 1058 1662 sed
1085 1585 1167 1662 Deo
1196 1586 1369 1683 macies,
1398 1587 1502 1684 qnod

380 1717 471 1796 mihi
499 1715 660 1792 fideliter
687 1713 975 1814 pronunciasti.“
1013 1713 1062 1788 Et
1088 1721 1220 1812 postea
1248 1713 1370 1812 ipsum
1400 1709 1503 1790 Ger-

383 1845 566 1920 manicum
594 1843 867 1919 adolescentem
897 1838 979 1916 Rex
1007 1841 1137 1940 pulcre
1156 1837 1327 1916 induerat
1344 1859 1445 1935 euru,
1466 1847 1505 1914 at

381 1975 686 2046 remunerauerat
722 1991 825 2062 eum,
858 1967 977 2043 etsie
1004 1964 1258 2042 edOesarem
1286 1964 1502 2044 Turcarum

380 2097 539 2194 eligeret
557 2097 596 2172 in
615 2101 805 2195 posterum
825 2114 907 2168 cum
928 2089 1056 2168 Gritti.

651 2377 988 2482 (ceurennum
1017 2375 1256 2478 uxxxvn.

486 2599 639 2676 Etcum
666 2598 736 2673 hec
765 2596 941 2675 audiebat
969 2595 1052 2670 Rex
1081 2593 1271 2688 Joannes,
1301 2616 1389 2670 mox
1416 2593 1503 2672 Rex

380 2725 469 2802 lecit
496 2725 682 2800 dominum
721 2711 857 2818 cnei]
873 2719 1101 2798 Ludouionm
1131 2720 1169 2794 in
1199 2717 1501 2800 Gubernatorem

379 2849 575 2948 Hungcrie
594 2851 632 2925 in
651 2872 779 2926 mense
799 2848 902 2925 veris
921 2847 1066 2924 Marcii.

489 2979 540 3054 Et
559 2979 832 3056 conueniebaut
849 2975 1004 3076 prelati,
1025 2983 1063 3052 et
1081 2976 1282 3077 optimates
1300 2977 1506 3054 veniebant

374 3109 453 3202 jam
473 3112 559 3204 post
578 3105 889 3183 deliberacionem
908 3101 1080 3202 obsijdiis
1098 3101 1263 3178 Buden..
1284 3101 1334 3178 Et
1352 3103 1416 3203 qui
1427 3129 1502 3184 non

377 3237 623 3328 gnstauerant
642 3255 774 3307 carnes
794 3231 971 3329 equinas,
1000 3229 1090 3306 fecit
1107 3228 1191 3305 Rex
1209 3230 1305 3306 beuo
1324 3253 1501 3332 coquere,

380 3365 417 3433 et
434 3347 524 3435 illos
546 3355 734 3448 dominos,
764 3357 827 3455 qni
856 3381 928 3434 nou
955 3362 1151 3456 presentes
1170 3362 1277 3454 erant
1295 3379 1378 3434 cum
1397 3381 1445 3437 eo
1464 3362 1502 3437 in

379 3507 517 3583 magna
534 3484 755 3584 perterrita,
786 3507 914 3561 omues
931 3483 1022 3560 lecit
1040 3483 1096 3560 eis
1114 3506 1183 3583 pro
1202 3483 1398 3562 comedere
1416 3509 1497 3566 car·

382 3633 449 3690 nes
468 3611 627 3710 equinas
644 3633 727 3688 cum
747 3611 881 3709 brugio
899 3612 1009 3709 nigro
1027 3611 1137 3687 bono.
1167 3609 1266 3703 Quia
1290 3609 1413 3690 adbuc
1432 3637 1503 3692 uec

381 3739 629 3816 cancellarius
655 3739 728 3816 r'uit
747 3737 961 3838 Stephanus
978 3737 1216 3840 Verbwchy;
1236 3745 1275 3815 et
1293 3741 1500 3820 monachos

382 3861 516 3964 Groph
534 3863 780 3962 Franciscns3
800 3865 889 3963 quia
907 3870 993 3940 ante
1003 3863 1186 3942 obsidium
1195 3865 1346 3943 sibimet
1363 3889 1500 3968 prepa-

377 4001 530 4070 ranerat
548 3993 647 4069 viam
666 3993 875 4092 legacionis
893 3993 933 4069 in
951 3992 1204 4090 Pannoniam,
1225 4002 1264 4070 et
1281 3994 1335 4072 ibi
1353 3994 1501 4074 duobus

379 4120 569 4198 mensibus
578 4121 663 4219 plus
683 4143 865 4222 quampro
884 4121 1011 4221 spacio
1030 4107 1232 4217 habebant,
1253 4124 1364 4200 etsie
1385 4145 1499 4201 vene·

380 4245 533 4322 rnntilli
552 4247 649 4324 sicut
667 4248 786 4348 wlpes
804 4249 878 4324 iam
897 4247 1031 4325 iterum
1042 4247 1255 4324 adBudam.
1278 4247 1330 4324 Et
1339 4271 1423 4326 oum
1443 4251 1498 4328 eie

380 4371 540 4458 libenter
567 4376 788 4474 permiserat
806 4375 999 4453 comedere
1019 4375 1177 4474 equinas
1195 4397 1373 4470 caruere,
1394 4385 1437 4454 ut
1454 4401 1501 4456 ne

377 4507 521 4578 mutum
540 4505 643 4581 solus
662 4503 864 4582 comederit
892 4526 1025 4580 carnes
1059 4505 1236 4603 equinus,
1266 4504 1333 4582 sed
1360 4505 1498 4584 solum-

375 4627 538 4704 modoet
568 4631 636 4706 alii
671 4631 886 4726 comedant,
915 4637 956 4706 vt
982 4655 1030 4708 ne
1059 4631 1289 4710 derideretur
1317 4631 1401 4710 Rex
1429 4657 1499 4710 sua

379 4751 572 4848 Majestae.
604 4757 653 4830 Et
681 4781 748 4833 neo
775 4758 846 4832 fnit
873 4757 1091 4835 Jerooimns
1119 4757 1263 4855 Laelii,
1283 4759 1350 4838 sed
1369 4784 1498 4838 omnes
