3248 5210
388 465 440 544 48

358 643 359 648 ¹
388 665 549 743 dolebat.
579 664 884 764 Quandoeunqne
912 669 1154 765 presentabat
1172 673 1393 767 prouentum
1411 689 1499 765 pre·

389 795 489 871 dicta
506 795 577 871 duo
597 769 700 869 milia
718 817 865 870 mareas
886 793 931 868 de
950 791 1102 871 Oesaris
1128 794 1335 870 'Parcarum
1352 791 1502 902 Thone

391 921 662 1018 Strigoniensi,
691 944 839 1020 semper
864 922 1060 999 sanitatem
1081 931 1118 998 et
1136 924 1423 1022 prosperitatem
1440 945 1502 997 re-

389 1049 535 1126 ferebat
553 1072 576 1122 a
593 1046 672 1123 filio
692 1069 759 1122 sno
781 1046 827 1122 de
847 1048 970 1125 Basse
998 1049 1230 1144 Natuliensi,
1260 1059 1296 1124 et
1314 1071 1501 1125 commen·

305 1193 311 1210 *
390 1173 582 1252 dationem
601 1196 624 1248 a
644 1171 796 1250 Gesore.
818 1175 879 1250 ut
905 1176 943 1250 in
969 1175 1076 1252 domo
1105 1199 1174 1253 sna
1202 1177 1306 1252 Bude
1335 1175 1435 1251 dedit
1453 1173 1504 1249 ad

389 1302 500 1380 rebus
519 1322 586 1376 sne
605 1299 842 1395 Turoalium3
869 1309 906 1377 et
924 1303 1106 1402 imprimis
1126 1305 1335 1380 tremebant
1353 1301 1503 1402 publice

389 1429 571 1523 vendere3
601 1427 711 1503 havvd
737 1437 861 1505 tamen
880 1431 1100 1526 simulatim,
1127 1437 1163 1505 et
1189 1432 1354 1507 tabulam
1374 1434 1447 1506 toti
1466 1423 1503 1526 *)

239 1539 241 1546 ’
389 1579 462 1631 non
490 1553 754 1654 presumebant
781 1556 879 1631 inira
910 1556 1049 1631 nitere.
1089 1553 1198 1647 Quod
1234 1556 1325 1630 mihi
1351 1556 1391 1630 in
1417 1555 1504 1630 visu

391 1682 593 1778 concessit,
622 1705 707 1792 mox
735 1681 938 1760 admiratus
967 1694 1004 1759 et
1031 1683 1227 1760 dicebam:
1252 1681 1350 1780 ,Hic
1377 1683 1502 1782 prima

390 1809 545 1886 tradicio
556 1809 846 1906 Hungarorum3
866 1833 955 1906 ergo
969 1810 1016 1885 ve'
1025 1811 1132 1887 vobis
1143 1795 1356 1887 christianis
1373 1808 1500 1884 totis.“

391 1935 551 2028 Quidam
570 1936 687 2012 eciam
707 1935 880 2014 dicebant
898 1936 1020 2032 Bude,
1047 1937 1109 2034 qui
1134 1937 1302 2013 sciebant
1320 1934 1504 2011 astuciam

390 2061 613 2158 Tuscorum,
639 2062 737 2160 qood
757 2065 836 2161 jam
862 2062 1148 2140 venumdaretur
1173 2062 1381 2139 Turcarum
1406 2084 1503 2136 mer-

391 2188 560 2266 cimonia.
1255 2163 1259 2174 ’

499 2313 670 2424 Secunda
688 2314 843 2390 tradicio
854 2315 1132 2412 permonschos
1143 2315 1188 2391 de
1199 2316 1335 2392 Sancto
1355 2315 1381 2393 J
1383 2337 1505 2391 oanne

392 2439 561 2538 Baptiste
581 2442 756 2517 claustro.
778 2439 851 2516 Hic
870 2439 1003 2516 atende
1023 2443 1151 2517 tector.
1172 2441 1231 2517 De
1250 2441 1385 2538 Regno
1406 2441 1504 2517 Boz-

392 2568 499 2643 nensi
517 2567 706 2645 habebant
725 2567 775 2642 ibi
795 2568 997 2643 claustrum
1012 2567 1231 2664 residencie,
1244 2575 1358 2666 etpro
1378 2567 1504 2643 colore

391 2695 430 2770 in
449 2693 556 2770 Buda
574 2692 791 2770 tradicionis
809 2689 1009 2795 fe(oe)rant
1027 2695 1314 2772 conventionem
1333 2717 1416 2769 curn
1433 2693 1503 2768 tali

263 2813 268 2822 ’
392 2821 571 2919 magistro
598 2823 706 2898 clam.
730 2817 780 2896 Et
800 2845 868 2920 pro
897 2823 1120 2920 quingentas
1148 2845 1293 2898 marcas
1322 2821 1370 2897 ad
1398 2822 1500 2897 clau-

390 2958 507 3026 strum
536 2949 659 3026 Zonik
688 2949 727 3024 in
754 2949 906 3026 'Purcia
936 2949 987 3024 Et
1015 2951 1169 3047 sepeio
1198 2973 1319 3049 cappa
1346 2956 1500 3048 propter

392 3079 518 3156 tabule
547 3077 704 3154 visionis
734 3077 913 3153 venibant
936 3076 984 3151 ad
1009 3075 1151 3153 Budam
1176 3077 1335 3153 vtiuode
1359 3076 1503 3151 Turea·

392 3217 473 3282 ’rum
500 3202 671 3298 Oescus,
692 3211 728 3280 et
752 3203 926 3280 tercierio
945 3204 1048 3280 solus
1075 3203 1195 3282 Cesar
1212 3203 1420 3282 Turoarum
1439 3227 1503 3279 ex-

393 3333 605 3432 plorauerat
647 3329 789 3406 Budam
829 3329 867 3405 in
910 3330 1151 3428 processione
1193 3331 1287 3407 festo
1332 3331 1500 3429 corporis

394 3456 547 3534 Christi.
587 3454 696 3549 Quod
728 3478 798 3553 ego
832 3456 1062 3550 sensissem,
1098 3456 1266 3534 dicebam
1301 3457 1504 3555 gardiau03

397 3583 562 3682 ,Credas
580 3584 671 3660 mihi
689 3584 816 3676 irater,
838 3582 935 3680 quod
946 3583 1009 3659 isti
1021 3606 1149 3660 omnes
1168 3582 1282 3659 Turci
1300 3583 1504 3683 principem

393 3736 459 3789 eur
476 3713 530 3788 ita
548 3710 715 3812 permitis
734 3709 795 3786 hio
814 3732 879 3787 eos
898 3715 1064 3785 scrutare
1083 3716 1157 3785 tam
1182 3707 1500 3787 nobilissimam?“

394 3839 502 3916 Dixit
519 3839 722 3936 gardianus
741 3837 832 3914 mibi
853 3865 862 3910 :
887 3837 996 3934 ,Non
1015 3837 1158 3932 credas,
1179 3837 1326 3913 domine
1347 3835 1503 3934 Georgi,

394 3967 483 4065 quia
507 3967 569 4044 isti
594 3973 679 4042 sunt
703 3965 790 4043 boni
815 3965 1028 4062 religionis,
1055 3971 1094 4041 et
1119 3963 1166 4039 ad
1190 3965 1338 4040 laudem
1358 3963 1504 4041 Beatis-

394 4093 487 4170 sime
516 4093 636 4170 Mario
664 4093 838 4188 Virginis
875 4093 1016 4168 faciunt
1052 4093 1217 4168 tabulam
1245 4091 1431 4167 ditissime
1457 4090 1505 4166 ed

394 4221 596 4297 claustrum
615 4219 773 4295 Zonik.“
804 4219 942 4296 Iterum
967 4219 1021 4294 ait
1045 4241 1140 4296 vnus
1159 4218 1364 4295 monachus
1383 4241 1431 4293 ex
1450 4218 1506 4294 eis

394 4349 573 4442 rusticus,
601 4339 663 4446 q'ui
682 4355 762 4425 erat
779 4355 899 4425 suttor
918 4349 1015 4424 inter
1034 4371 1099 4425 eos
1118 4369 1251 4422 nouem
1270 4346 1398 4440 annis,
1419 4367 1504 4444 pro·

394 4475 594 4554 sessionem
613 4475 840 4570 continebat,
862 4482 898 4552 et
916 4483 999 4554 erat
1017 4475 1212 4570 Dalmata,
1239 4473 1351 4550 dixit:
1377 4471 1503 4571 ,Bene

545 4679 564 4684 ..
586 4673 709 4686 ..ι-ιιι*

430 4747 463 4816 ⁹)
484 4747 563 4803 Auen
585 4746 690 4820 ,boltjs
710 4743 860 4816 uulpes*
