3248 5210
414 483 467 564 82

522 683 615 760 inde
628 685 708 782 jam
727 684 948 764 consiliatus
966 685 1136 764 Joanncs
1155 684 1339 780 rainois,
1368 681 1433 780 qui
1451 685 1536 755 crat

414 821 559 912 potens,
580 814 670 888 fecit
687 813 835 890 nouiter
854 815 1057 891 exercitum
1076 837 1318 911 congregare.
1339 811 1435 888 Erat
1452 827 1534 886 ser-

415 963 485 1018 uus
512 961 604 1018 suus
631 937 856 1018 Franciscus
882 941 1010 1038 Bod03
1040 947 1122 1017 erat
1149 939 1365 1040 Stephanus
1391 937 1534 1030 Bardi3

417 1075 500 1146 erat
517 1075 692 1146 strennus
710 1067 818 1144 miles
837 1069 1057 1164 magnificus
1076 1067 1244 1148 Jacobus
1263 1067 1400 1168 Baniy,
1420 1073 1459 1140 et
1475 1064 1534 1140 sic

415 1195 461 1272 (le
488 1195 660 1292 singulis.
700 1193 843 1270 Eodem
878 1203 1046 1294 tempore
1074 1205 1156 1274 erat
1190 1195 1354 1272 vaiuoda
1383 1191 1535 1287 Dragul

416 1322 661 1423 expellendus
679 1329 809 1398 contra
828 1322 987 1420 Torone,
1007 1331 1046 1399 et
1063 1323 1277 1400 venerated
1287 1320 1534 1398 Molduuiam.

416 1451 540 1545 Quum
559 1449 739 1526 sensisset
755 1448 782 1525 J
784 1472 941 1526 oannem
950 1449 1333 1527 Transilwanicnsem
1346 1455 1534 1548 promtum

417 1602 500 1656 cum
520 1575 686 1653 exercitu
704 1597 786 1673 suo,
806 1599 889 1652 cum
909 1601 976 1676 spe
996 1579 1158 1658 cucurrit
1167 1577 1216 1654 ad
1225 1599 1308 1654 curn
1327 1577 1539 1677 deprecans

417 1731 461 1782 uc
490 1708 714 1800 obsecrans,
746 1711 786 1778 vt
813 1727 897 1779 eum
926 1705 1177 1782 introduceret
1205 1705 1255 1782 ad
1282 1703 1536 1780 waiuodatnm

415 1854 523 1910 suum
550 1831 828 1931 Transalpinis.
866 1831 1036 1909 Jocnnes
1073 1833 1235 1910 vaiuoda
1258 1831 1457 1932 spopondit
1486 1833 1537 1926 ei,

416 1968 457 2035 vt
473 1956 703 2053 introducat,
734 1958 821 2054 quia
848 1957 977 2034 eodem
1003 1966 1171 2058 tempore
1190 1967 1272 2035 erat
1289 1961 1455 2036 famosus
1474 1960 1537 2034 vir

414 2086 639 2180 bellicosus,
664 2083 763 2180 quod
782 2083 902 2162 Cesar
921 2085 1130 2164 Turcarum
1150 2087 1288 2184 partim
1306 2085 1536 2183 premedita-

415 2216 481 2290 bat
499 2214 547 2288 ab
566 2213 661 2309 ipso.
681 2211 734 2288 Et
752 2211 867 2286 mouit
885 2235 927 2290 sc
946 2235 1029 2288 curn
1046 2219 1169 2289 turma
1187 2233 1325 2309 magua
1342 2213 1392 2288 ad
1410 2213 1537 2288 'I'run-

416 2339 605 2438 salpinum
625 2345 663 2412 et
685 2337 890 2414 introduxit
918 2339 1116 2428 vaiuodarn
1144 2341 1324 2436 Dragwl,
1352 2345 1392 2416 et
1417 2361 1536 2416 vnum

416 2490 541 2544 arcem
559 2467 598 2540 in
617 2464 714 2540 dono
733 2465 905 2540 contullit
924 2464 1123 2561 Dragulin
1135 2465 1268 2560 Regno
1288 2465 1429 2542 Poinar
1448 2465 1537 2542 loco

417 2593 667 2670 munitissima
684 2592 724 2667 in
742 2593 933 2668 cacumine
952 2593 1099 2669 montis.

531 2719 626 2797 Corn
658 2720 738 2817 jam
767 2717 937 2796 Joannes
967 2719 1131 2796 vaiuoda
1157 2720 1325 2819 spacium
1362 2718 1534 2816 haberet,

415 2855 560 2926 secreto
589 2846 678 2922 lecit
695 2869 833 2922 vocare
862 2845 911 2920 ad
927 2869 969 2922 sc
988 2845 1167 2923 Imbraim
1183 2845 1345 2923 'bassam
1370 2847 1441 2923 sub
1460 2845 1546 2922 fide·

417 2997 488 3054 sua
505 2975 662 3071 robora,
683 2981 723 3048 vt
741 2997 788 3048 nc
805 2971 1071 3070 premeditaret
1096 2973 1171 3068 nil,
1201 2972 1311 3048 hawd
1328 2973 1450 3048 tucius
1467 2995 1536 3050 ue-

416 3101 507 3178 niat.
537 3099 625 3198 Ipse
652 3100 824 3176 senciens
852 3099 1030 3177 Imbraim
1057 3101 1129 3176 init
1147 3099 1195 3176 ad
1212 3123 1316 3196 eum,
1343 3099 1409 3176 sed
1427 3109 1536 3176 antc-

417 3248 529 3324 quam
557 3226 811 3326 promiserunt
828 3234 865 3302 et
883 3229 1146 3304 consciuerant
1172 3249 1284 3302 vnum
1312 3228 1434 3304 locum
1461 3233 1537 3306 sub

418 3377 556 3452 magna
573 3355 708 3431 arbore
735 3359 864 3453 torsa,
885 3361 923 3428 et
940 3355 1010 3430 sub
1029 3358 1161 3432 umbra
1178 3362 1241 3431 tm.
1272 3356 1390 3431 multa
1417 3356 1538 3432 locuti

415 3488 503 3558 sunt
520 3482 560 3558 in
577 3485 741 3576 tantum,
769 3478 938 3576 quodibi
958 3481 1076 3556 eciam
1103 3482 1344 3578 gentaculum
1364 3484 1537 3558 comede-

416 3615 513 3684 runt.
543 3607 749 3704 Postquam
768 3627 881 3682 vnum
900 3607 1060 3684 alterurn
1078 3609 1282 3706 amplexati
1301 3617 1408 3704 sunt3
1429 3613 1537 3688 stab

417 3735 578 3811 invicem
597 3733 762 3830 separati
782 3740 900 3830 erant,
921 3741 959 3810 et
969 3734 1055 3808 dum
1066 3735 1280 3812 scribebant
1298 3758 1396 3812 anno
1418 3731 1536 3812 1520.

418 3861 471 3938 Et
487 3881 634 3936 rursum
663 3857 811 3935 domino
830 3883 898 3936 suo
918 3859 1053 3939 Oesari
1082 3861 1290 3938 'Purcarum
1315 3869 1449 3938 cuncta
1468 3887 1536 3938 no·

416 3987 594 4082 titicauit‚
625 3985 673 4061 ad
702 4009 811 4083 quem
839 3989 1052 4083 rogauissct
1078 3997 1116 4064 et
1143 3988 1332 4066 hortasset
1356 3989 1537 4066 Imbraim

417 4119 590 4212 bassam,
620 4113 719 4212 quod
752 4113 871 4192 Cesar
909 4116 1160 4194 intellexisset
1194 4117 1340 4194 libitum
1375 4117 1536 4194 vuuode

419 4243 582 4340 Joanni,
614 4243 743 4318 statim
763 4243 980 4322 consiliaoit
998 4267 1145 4322 rursum
1162 4265 1312 4322 seruum
1331 4267 1439 4322 suurn
1458 4243 1534 4322 Irn-

418 4370 538 4448 oraim
563 4373 715 4448 bassam
744 4379 909 4468 secrete,
939 4381 976 4450 et
1001 4373 1103 4450 misit
1131 4373 1204 4448 cito
1233 4395 1316 4448 oum
1343 4382 1535 4472 resumpto

421 4497 544 4572 animo
571 4495 723 4574 bassam
752 4496 930 4574 Imbraim
958 4500 1074 4576 eciam
1098 4499 1147 4576 ad
1164 4500 1287 4576 locum
1314 4501 1384 4578 sub
1402 4501 1537 4578 umbra

418 4627 566 4724 turpio.
596 4623 648 4700 Et
666 4627 776 4704 ambo
794 4647 877 4702 curn
896 4627 1161 4704 subuenissent
1177 4633 1241 4701 trn.
1273 4627 1355 4725 ipse
1374 4626 1535 4732 quilibet

419 4769 502 4824 cum
529 4747 656 4826 decena
683 4752 805 4830 seruis
831 4752 912 4830 suis
939 4753 1093 4829 acersiti
1121 4760 1249 4848 erant,
1264 4755 1314 4828 'et
1338 4755 1535 4852 proposuit
