3226 5220
427 512 505 598 180

425 715 568 795 biensis
587 713 731 812 Simon,
758 721 795 793 et
814 723 896 792 erat
913 716 953 793 in
971 715 1141 816 hospicio
1167 715 1307 794 domini
1324 715 1485 818 parokij
1504 725 1541 792 et

427 867 496 921 nos
515 865 598 918 eum
626 842 729 919 socio
758 840 950 942 Stephano
979 843 1176 943 capellano
1205 843 1304 944 apud
1329 844 1542 944 plebanum.

427 969 479 1046 Et
514 969 579 1045 isti
607 967 746 1045 domini
774 967 967 1046 domestici
999 970 1079 1067 jam
1115 969 1334 1068 inceperunt
1367 969 1543 1046 ambatim

427 1095 546 1172 ceiam
575 1095 917 1195 conspiracionem,
947 1095 1044 1172 sicut
1071 1103 1270 1194 antequam
1298 1096 1489 1174 habebant
1506 1095 1544 1170 iu

426 1223 510 1300 loco
531 1220 704 1317 Aladon,
726 1227 763 1296 et
781 1220 821 1296 in
840 1219 1023 1298 Zombor.·
1042 1219 1130 1297 Non
1159 1229 1267 1299 erant
1279 1223 1360 1322 jam·
1377 1221 1544 1321 porrecto

428 1348 538 1427 corde
557 1348 607 1425 ad
625 1347 780 1447 Regem,
801 1348 900 1426 sicut
918 1356 1128 1448 antequam.

535 1475 659 1570 Quum
678 1477 860 1554 sensisset
877 1475 962 1553 Rex
981 1499 1065 1554 esse
1080 1473 1335 1554 Alemanosin
1349 1473 1545 1554 Tharcbal

428 1625 511 1678 cum
540 1603 751 1680 custoribus
785 1602 884 1699 suis,
923 1610 961 1679 et
996 1609 1078 1680 erat
1104 1604 1270 1702 perfecto
1299 1601 1410 1680 corde
1437 1603 1545 1679 miles

428 1727 633 1826 Hungarus
669 1727 795 1807 Lucas
833 1728 956 1806 Maria
983 1735 1022 1806 et
1054 1727 1280 1806 Franciscus
1316 1727 1432 1805 Boio.
1472 1727 1547 1806 Scri

428 1855 572 1933 Paulus
600 1855 747 1957 Bakytt
772 1854 983 1932 Tracianus
1011 1862 1112 1951 erat,
1142 1856 1381 1954 quamobrem
1399 1853 1546 1930 advena

428 1987 510 2059 erat
527 1981 576 2058 ad
594 1979 831 2080 Hungariam
851 2003 875 2057 a
893 1980 1027 2080 Regno
1046 1979 1188 2060 Oesare
1207 1980 1439 2072 ancarum,
1472 1989 1545 2058 tre·

428 2109 553 2186 mebat
570 2131 612 2186 se
632 2107 679 2184 de
698 2114 805 2208 parte
833 2105 1136 2206 Allcmanorum,
1167 2129 1242 2186 non
1270 2107 1431 2187 libenter
1448 2129 1544 2208 puro

427 2233 538 2312 corde
556 2235 748 2334 pugnabat
766 2255 849 2310 cum
875 2232 1088 2333 Germanis,
1108 2233 1198 2335 quia
1215 2242 1298 2313 erat
1315 2234 1425 2314 miles
1443 2241 1545 2314 autu·

426 2365 499 2458 tus,
518 2360 747 2460 respiciebat
765 2359 888 2439 finem.

535 2485 582 2564 In
601 2487 734 2586 quinta
760 2487 876 2584 teria,
905 2488 1004 2567 siout
1030 2487 1210 2588 scriptum
1238 2495 1316 2578 est,
1345 2493 1428 2568 erat
1452 2487 1547 2567 belli

427 2615 557 2691 ductor
575 2613 804 2694 Franciscus
823 2615 927 2693 Boio
947 2618 1055 2694 ambo
1091 2639 1175 2694 cum
1201 2613 1326 2692 Maria
1353 2614 1478 2712 Luce,
1507 2623 1548 2691 vt

427 2741 586 2838 quilibet
610 2749 835 2844 prepararet
861 2763 946 2821 sese
973 2743 1022 2820 ad
1048 2742 1259 2821 conflictum
1288 2751 1418 2820 contra
1444 2739 1546 2820 Ger-

426 2890 568 2945 manos.
580 2867 813 2947 Etdomiuus
832 2867 959 2948 Oibak
978 2867 1078 2947 dedit
1095 2869 1242 2970 pedites
1250 2891 1340 2948 suos
1349 2869 1545 2966 bubulcos,

425 2995 493 3072 scd
511 3017 594 3072 cnm
612 2996 788 3093 gentibus
806 2997 887 3075 ouis
905 2997 1026 3074 noluit
1055 3005 1165 3075 nocte
1192 3019 1373 3097 pugnare.
1401 2995 1453 3072 Et
1483 2995 1546 3071 do·

425 3122 547 3199 minos
575 3121 704 3199 Simon
729 3123 928 3222 episeopus
963 3121 1232 3220 Zagrabiensis
1259 3123 1423 3202 babebat
1448 3121 1544 3199 belli

425 3248 614 3327 ductorem
634 3249 781 3326 nomine
801 3248 1009 3346 Georgium
1028 3249 1289 3352 Dobravolya.
1320 3251 1549 3328 Nnnociauit

424 3376 498 3454 sibi
517 3375 685 3454 dominns
706 3398 795 3454 suns
815 3377 1027 3476 episcopus,
1048 3384 1089 3452 vt
1106 3383 1255 3475 aptaret
1272 3399 1314 3454 se
1333 3399 1415 3453 cum
1429 3387 1542 3474 gente

425 3503 592 3603 episcopi
611 3503 659 3580 ad
675 3525 849 3604 pugnam
873 3509 1003 3580 contra
1021 3499 1245 3582 Germanos.
1274 3500 1444 3581 Cenabat
1463 3501 1542 3581 Ge·

425 3631 553 3727 orgius
574 3629 853 3732 Dobrauolya3
882 3651 994 3728 quum
1021 3631 1165 3707 audiuit
1191 3629 1265 3707 sibi
1293 3629 1461 3707 ordinan.
1492 3630 1542 3706 ud

422 3758 694 3855 bellum,dinit:
718 3758 1059 3858 ,Bestiapugnat.“
1081 3755 1258 3834 Attamen
1278 3763 1360 3834 erat
1369 3757 1538 3834 famosus

425 3886 484 3963 uir
503 3887 548 3962 de
567 3883 723 3964 nacione
742 3883 974 3962 Sclauorum.
995 3883 1046 3960 Et
1057 3884 1168 3960 aulici
1187 3883 1306 3981 Regie
1326 3882 1543 3982 Mujestatis

422 4035 491 4112 per
508 4011 679 4110 hospicia
697 4009 928 4088 dominorum
955 4009 1192 4106 circuibant,
1211 4015 1248 4085 et
1275 4008 1468 4104 dicebant,
1498 4019 1541 4084 vt

424 4138 507 4216 Rex
522 4137 637 4236 jussit
655 4145 696 4212 vt
715 4125 870 4242 quilibet
888 4127 1101 4236 promtuure
1120 4159 1204 4214 sese
1215 4136 1263 4213 ad
1276 4135 1390 4213 ictum
1408 4143 1541 4214 contra

423 4263 646 4342 Germanos·
681 4263 732 4340 Et
758 4265 813 4341 nil
840 4265 1003 4363 ajebant,
1042 4251 1273 4340 solummodo
1309 4253 1433 4358 aulici,
1472 4259 1537 4362 qui

421 4400 549 4488 erant,
568 4391 745 4469 videlicet
762 4391 990 4470 Franciscus
1015 4387 1188 4486 Oborba,
1209 4389 1435 4468 Francisous
1453 4390 1536 4468 Ke-

420 4541 551 4620 rossy,
580 4517 804 4596 Franciscus
833 4515 958 4614 Boio,
996 4514 1121 4596 Lucas
1155 4515 1297 4614 Maria,
1326 4523 1365 4594 et
1390 4515 1537 4595 Paulus

421 4643 550 4722 Bakit.
570 4644 622 4720 Et
639 4645 688 4721 ad
704 4667 774 4723 nos
792 4645 898 4724 venit
916 4643 1142 4724 Francisous
1166 4641 1319 4722 Oborba
1345 4643 1534 4722 serostino

418 4777 587 4874 tempore
604 4770 782 4890 inlotica
798 4791 870 4852 sua
885 4771 1037 4870 induta,
1054 4777 1109 4851 -et
1129 4771 1282 4872 rogauit
1296 4793 1389 4852 nos·
1403 4793 1533 4854 sacer
