3294 5208
403 423 455 504 22

402 625 583 705 reseravit
600 623 834 722 legacionem
870 619 991 717 Regic
1029 619 1260 718 Majestatr's,
1289 603 1408 696 donec
1435 619 1518 696 Rex

401 778 475 832 nou
495 749 654 849 accipiet
683 721 856 842 Vienam‚
877 747 972 823 etin
991 747 1161 824 manibus
1190 769 1264 823 non
1283 747 1366 824 crit.
1394 747 1445 822 Et
1461 747 1518 822 in·

401 881 511 960 terim
530 877 683 955 advenit
700 877 851 974 legatus
878 873 1026 951 Turcus
1054 874 1104 951 aul
1131 873 1272 972 Regem
1300 874 1347 950 de
1374 871 1520 952 Oeuare

402 1002 676 1085 Ismaelitarum
694 1021 824 1080 cursor
851 1006 944 1078 erat.
971 997 1065 1076 Inde
1092 999 1241 1098 quidem
1268 997 1519 1078 Cheroulaum

404 1131 608 1210 Bohcmum
625 1129 782 1206 militem
810 1125 998 1206 Consules
1025 1127 1262 1207 Viennenses
1288 1127 1327 1204 iu
1352 1127 1519 1228 pretorio

403 1259 630 1337 seduxerunt
647 1277 730 1332 cum
758 1277 895 1354 magno
913 1251 1127 1332 donacionis
1143 1251 1345 1350 thesauris,
1374 1261 1415 1334 vt
1440 1255 1519 1331 Re-

402 1409 488 1483 gcm
515 1383 562 1461 de
589 1375 751 1461 tentorio
769 1381 934 1478 (luceret,
954 1387 993 1458 et
1010 1386 1190 1458 statueret
1206 1381 1246 1458 in
1264 1403 1337 1458 vno
1354 1371 1519 1480 pallacic

401 1511 551 1611 publico
568 1509 609 1587 in
626 1507 777 1606 Hostat,
805 1515 844 1584 et
860 1510 930 1585 sub
956 1507 1123 1586 fenestra
1150 1513 1332 1584 statueret
1359 1507 1517 1606 Regem,

402 1645 444 1714 ut
469 1637 643 1715 venirent
670 1635 808 1714 domini
834 1635 1072 1714 Viennenses
1099 1633 1147 1711 ad
1174 1633 1316 1732 Regem
1342 1633 1390 1711 ad
1425 1635 1517 1712 dan·

402 1763 486 1840 dam
505 1763 696 1840 civitatem
714 1769 898 1840 eteorum
916 1761 1085 1860 graciam
1103 1762 1360 1861 impetrarent,
1389 1768 1427 1838 et
1454 1783 1517 1837 ua-

401 1888 491 1991 pitls
509 1890 601 1968 suis.
630 1887 852 1968 Oheroalaw
879 1889 983 1965 venit
999 1886 1048 1965 ad
1066 1887 1208 1986 Regem
1227 1872 1310 1964 cum
1327 1895 1518 1988 resumpto

402 2017 525 2094 animo
544 2041 568 2093 a
586 2015 731 2094 civibus
757 2015 939 2094 reseravit
955 2013 1053 2116 Regi
1070 2013 1272 2093 relaciouis
1290 2013 1339 2090 ad
1357 2015 1516 2092 modum

403 2143 454 2219 Et
462 2141 546 2220 Rex
565 2143 721 2240 gavisus
739 2150 859 2239 estet
876 2141 1020 2240 Regem
1049 2147 1220 2219 taiolccit
1232 2139 1269 2245 ⁴¹)
1287 2141 1517 2220 solummodo

347 2271 349 2274 ’
401 2293 482 2349 cum
500 2292 573 2347 uuo
601 2271 762 2372 parvulo
781 2278 820 2348 et
837 2291 989 2348 eursore
1006 2269 1170 2347 Tuscum
1188 2291 1271 2346 cum
1289 2293 1346 2348 co.
1375 2269 1427 2346 Et
1445 2271 1518 2348 iste
1599 2251 1605 2262 ’

401 2395 614 2477 Oleroalau
641 2404 820 2496 tanquam
834 2399 915 2496 jam
934 2395 1079 2475 Stariot
1096 2397 1260 2474 cucurrit
1277 2397 1452 2475 celeriter
1469 2399 1519 2474 ad

400 2523 569 2602 seniores
609 2523 811 2621 ciuitatum,
840 2533 878 2604 et
904 2526 989 2602 loco
1016 2523 1214 2602 constituto
1240 2523 1421 2602 referauit
1447 2526 1516 2622 eis,

399 2647 499 2748 quod
513 2652 592 2749 jam
612 2649 696 2728 Rex
714 2657 834 2730 staret
851 2653 921 2731 sub
939 2653 1154 2730 fenestram.
1184 2648 1278 2750 Inde
1304 2651 1388 2728 Rex
1408 2653 1516 2730 labu-

397 2777 507 2854 labat
534 2801 618 2856 cum
636 2775 854 2881 Turko⁸l⁸²
875 2779 922 2856 uc
941 2776 1214 2858 Germanorum
1232 2777 1434 2856 vindictam
1454 2803 1515 2858 su·

397 2925 466 3004 per
484 2903 700 3005 Hungaros‚
728 2929 774 2984 ac
801 2905 990 3007 interogat
1016 2905 1196 2985 cesarem
1222 2903 1428 2982 Tuscorum
1445 2908 1516 2984 sub

397 3029 564 3108 fenestra
600 3031 674 3110 sibi
702 3033 899 3112 commissa
926 3055 995 3134 peu
1026 3031 1242 3110 traditorem
1279 3030 1513 3111 Oherculaw.

399 3154 629 3232 Memoratus
657 3155 728 3232 tuit
744 3158 785 3234 in
802 3157 995 3236 intellectu
1021 3181 1101 3254 suc,
1130 3157 1371 3256 quamobrem
1398 3163 1517 3236 staret

397 3279 466 3358 sub
484 3279 651 3358 fenestra
669 3303 738 3380 pro
756 3281 882 3379 signo.
911 3281 1118 3359 Parvnlum
1139 3303 1246 3360 snum
1264 3281 1349 3359 Rex
1377 3285 1514 3382 permi-

397 3407 448 3485 sit
482 3413 599 3503 starc,
629 3414 668 3486 et
697 3429 777 3486 cum
806 3409 930 3488 'Purcu
969 3433 1039 3510 pro
1066 3410 1196 3510 spacio
1222 3409 1261 3487 in
1288 3411 1437 3511 palacio
1465 3413 1515 3488 ad

243 3599 246 3609 .
397 3529 513 3609 alium
532 3533 707 3633 angulum
735 3555 888 3636 passum
917 3534 1029 3612 dedit.
1061 3535 1211 3613 Extunc
1228 3543 1395 3637 repente,
1414 3539 1514 3638 quod

335 3647 344 3664 “
396 3659 503 3736 Deus
529 3633 736 3740 altissimus
765 3661 896 3758 uoluit,
915 3661 963 3739 (le
979 3685 1056 3739 vua
1071 3663 1197 3741 bestia
1214 3685 1298 3740 cum
1317 3688 1393 3742 vua
1409 3667 1512 3744 bom-

394 3785 516 3863 bards
541 3794 644 3865 recte
662 3787 711 3865 ad
727 3790 931 3870 fenestram
958 3791 1126 3889 sagitare
1153 3791 1332 3888 fecerunt,
1363 3800 1400 3870 et
1425 3816 1512 3870 mox

394 3915 593 4012 parvulum
612 3913 816 3996 diruerunt.
844 3915 952 3994 Vidit
969 3923 1008 3993 et
1026 3917 1168 3995 intollit
1185 3918 1280 4015 Rex,
1295 3917 1392 4018 quod
1412 3927 1513 3998 esset

392 4038 573 4136 proditio,
585 4047 624 4117 et
634 4040 784 4121 'Purcus
801 4042 1027 4141 conciliavit,
1039 4045 1332 4146 nespaciaretin
1349 4048 1509 4146 palacio,

395 4165 462 4243 sed
480 4167 677 4280 festinaret
694 4170 764 4246 sub
781 4169 941 4248 tentorio
960 4191 1039 4249 suo.

499 4290 723 4372 Oleroalaw
741 4296 919 4397 sperabat
931 4300 1024 4397 jam,
1054 4297 1152 4397 quod
1179 4322 1221 4376 se
1239 4297 1331 4376 (lant
1353 4303 1433 4399 jam
1451 4299 1508 4378 fu·

394 4437 481 4514 gam
508 4424 632 4496 emtor
659 4418 781 4520 Regia
808 4420 1033 4521 majestatis.
1065 4423 1268 4504 Paussavit
1294 4426 1508 4526 plusquam

428 4681 534 4754 ‘lllis
545 4681 602 4744 kin
615 4702 686 4744 nen
697 4687 762 4746 rsit
773 4687 925 4760 kittrlllts,
938 4685 969 4748 is
982 4687 1111 4764 lustratis
1122 4691 1162 4750 irt
1176 4690 1299 4764 ‚tow
