3260 5226
397 505 477 589 856

286 731 289 738 ·
392 664 481 811 post
507 706 706 809 Cesarem‚
736 710 976 808 quamobrem
1004 733 1093 811 sepe
1121 710 1278 789 vidisset
1305 735 1390 790 eum
1404 714 1514 814 juxta

397 837 541 934 Regem
559 838 746 916 Joannem
764 837 961 916 solicitum.
980 839 1030 914 Et
1048 840 1130 936 ipsc
1149 839 1374 918 Benedictus
1394 840 1512 918 horni-

397 967 504 1042 culus
521 970 612 1062 erat,
633 972 671 1040 et
688 971 832 1042 restem
851 963 1015 1042 habebat
1033 947 1160 1064 aptam
1183 968 1329 1043 tureale
1347 968 1514 1080 modum3

398 1101 436 1169 et
452 1093 636 1169 habuerat
654 1094 725 1170 sub
752 1091 879 1168 decern
906 1091 1007 1168 viros
1034 1093 1204 1188 optimos.
1234 1091 1323 1192 Ipse
1351 1095 1515 1170 cucurrit

256 1257 260 1266 ⁴
397 1243 489 1316 erga
507 1217 697 1296 Cesarem.

503 1345 555 1420 Et
573 1343 693 1422 Cesar
712 1367 796 1420 eum
813 1342 987 1420 intuisset
1006 1343 1129 1419 animo
1148 1351 1277 1442 grato,
1304 1353 1343 1421 ct
1359 1345 1401 1421 in
1418 1345 1516 1422 facie

399 1469 555 1548 Cesaris
573 1471 644 1547 hec
663 1471 756 1547 dixit
765 1471 870 1546 Bona
889 1469 1135 1548 Benedictus:
1151 1471 1403 1568 „Recordetur
1422 1473 1516 1550 bene

402 1598 544 1676 Vestra
563 1596 730 1673 Cesarea
747 1595 948 1694 Mammas,
971 1595 1068 1694 quod
1087 1596 1323 1696 spopondisti
1341 1597 1390 1672 ad
1408 1596 1517 1675 fidem

399 1733 501 1800 tuam
519 1723 666 1798 domino
696 1721 794 1818 Regi
821 1721 849 1798 J
851 1722 984 1818 oanni,
1014 1744 1125 1819 quum
1143 1722 1266 1798 viuen.
1286 1747 1332 1798 ac
1347 1733 1436 1836 post
1453 1725 1516 1801 de·

403 1874 547 1928 cessum
568 1851 627 1928 sui
645 1851 701 1926 vlt
718 1849 858 1928 Vestra
883 1847 1050 1926 Cesarea
1069 1849 1250 1948 Majestas
1277 1851 1455 1950 expedire
1474 1876 1519 1928 ac

399 1977 630 2072 deffendere,
661 1977 780 2054 donec
807 2001 883 2053 rna
917 1977 1062 2054 framea
1088 1977 1290 2055 continebit
1316 1978 1355 2054 in
1383 1979 1516 2076 Regno

399 2102 547 2180 Turcie.
577 2104 629 2178 Bt
656 2101 827 2178 dominus
854 2123 958 2177 mens
986 2101 1069 2178 Rex
1098 2099 1267 2181 Joannes
1291 2105 1444 2202 insuper
1461 2115 1516 2182 te·

399 2237 622 2308 stamentum
640 2230 729 2305 fecit
739 2227 877 2307 Vestro
897 2227 1029 2305 Cesari
1048 2230 1240 2328 Majestati
1258 2253 1414 2330 puerum
1433 2235 1516 2309 vni·

398 2381 481 2434 cum
511 2378 616 2432 suum
643 2378 726 2432 cum
756 2355 890 2452 Regno
918 2354 1115 2451 Hungarie
1142 2357 1191 2434 ad
1219 2357 1374 2434 Budam.
1409 2359 1515 2457 Ergo

399 2489 549 2588 moueat
571 2507 612 2561 se
635 2485 776 2562 Vestra
795 2481 962 2560 Cesarea
990 2482 1173 2582 Majestas
1200 2507 1333 2562 versus
1359 2485 1516 2584 Hnnga·

398 2612 492 2689 riam
510 2610 559 2686 ad
577 2608 846 2685 defendendum
874 2631 1028 2706 puerum
1057 2631 1139 2685 eum
1166 2609 1347 2687 thezauro
1375 2634 1444 2688 suo
1472 2637 1516 2690 ac

400 2761 484 2814 cum
501 2735 633 2832 Regno
653 2757 730 2812 suo.
750 2733 846 2826 Quia
864 2735 961 2811 sciat
978 2735 1120 2812 Vestra
1138 2735 1304 2814 Cesarea
1321 2737 1515 2836 Majestas,

400 2864 500 2963 quod
517 2885 584 2940 nos
602 2862 737 2938 melius
751 2882 907 2960 puerum
925 2861 1159 2938 innocentem
1177 2863 1515 2942 timeamusaCer·

399 2991 540 3087 manis,
568 2988 667 3086 quod
693 3011 762 3066 nos
790 3011 918 3065 omnes
946 2987 1192 3065 occiderent.“
1224 2990 1274 3064 Bt
1300 2989 1423 3068 Cesar
1446 2990 1515 3068 heo

400 3117 497 3215 quod
515 3115 683 3211 audien,
711 3115 883 3214 promisit
910 3114 1040 3191 venire
1068 3113 1228 3192 libenter
1252 3123 1408 3215 propter
1425 3139 1514 3216 pue·

400 3267 482 3322 rum
502 3241 709 3318 deliberare
728 3265 752 3316 a
769 3241 942 3317 faucibus
961 3238 1249 3318 Germanorum.

505 3367 729 3444 Benedictus
757 3367 862 3442 Bona
890 3375 1046 3444 venerat
1072 3391 1156 3444 cum
1182 3369 1372 3444 relacione
1391 3368 1514 3446 hilara

400 3497 448 3573 ad
468 3494 632 3589 Budam,
652 3501 690 3569 et
707 3493 934 3570 relacionem
957 3493 1086 3570 retulit
1103 3491 1369 3591 Hungarorum
1387 3497 1513 3574 barro·

400 3624 519 3701 nibus.
545 3621 598 3696 Bt
614 3627 747 3719 postea
765 3619 864 3716 quod
882 3627 1078 3698 senserant
1096 3618 1274 3697 Cesarem
1292 3627 1431 3697 motum
1450 3623 1514 3699 ad·

400 3771 533 3828 versus
569 3745 735 3842 Budam3
772 3745 861 3843 quia
887 3745 1090 3823 thardabat
1118 3743 1238 3824 Cesar
1273 3749 1404 3824 venire
1439 3757 1513 3826 tam

399 3878 484 3972 cito,
504 3881 546 3951 vt
565 3873 822 3972 exploratores
840 3873 899 3948 sui
918 3888 1059 3950 certam
1082 3874 1310 3952 relacionem
1329 3874 1476 3951 audiret
1492 3901 1515 3950 a

399 4001 671 4080 scrutatoribus
689 3999 786 4096 suis,
807 4023 883 4075 non
901 3999 1110 4077 confidebat
1137 4000 1285 4098 penitus
1310 3999 1513 4099 Hungaris.

399 4129 449 4206 Bt
466 4130 636 4207 dominus
655 4127 915 4206 cancellarius.
927 4125 1141 4227 Stephanus
1159 4128 1376 4229 Verbwchy
1394 4131 1513 4206 eciarn

400 4264 486 4358 post
504 4255 683 4334 Cesaram
711 4262 942 4350 accesserat,
963 4253 1100 4354 etipse
1124 4253 1194 4330 tali
1222 4255 1343 4330 torma
1359 4279 1514 4355 respon·

399 4383 541 4461 sionem
568 4382 724 4459 dederat
751 4379 884 4458 Cesari
912 4379 1119 4458 'lanearum
1157 4381 1254 4457 sicut
1291 4379 1515 4459 Benedictus

298 4587 307 4604 ,
402 4504 655 4588 cubicularius
673 4507 913 4604 Bagiestatis.

506 4637 556 4709 Bt
572 4635 676 4712 venit
694 4635 813 4711 Cesar
830 4657 949 4732 nsque
967 4635 1016 4709 ad
1035 4633 1184 4710 Tollna.
