3260 5226
373 402 452 485 382

374 602 526 703 prebui,
546 561 591 676 vt
604 601 770 678 intrusus
798 623 903 677 esses
930 623 1042 698 super
1066 597 1208 696 Regem
1238 595 1344 698 ¹¹4&-
1374 598 1498 676 Jean·
1600 608 1601 622 ¹

374 754 479 826 nem,
500 753 546 804 ne
566 729 705 808 Vestra
725 729 908 828 Majestas
926 728 1136 827 accepisset
1154 727 1349 804 eonsilium
1370 749 1498 802 meum
1601 735 1602 744 ‘

372 856 582 934 insanum.“
615 857 667 934 Et
695 856 750 931 sic
777 855 922 930 demum
950 878 1047 931 vnus
1075 854 1123 930 ad
1148 855 1307 930 alterum
1326 855 1497 951 ponebat

376 985 424 1058 ad
443 983 540 1058 facie
560 982 719 1080 dampna
736 1005 805 1059 sna
824 1005 869 1057 ac
879 983 1039 1060 consilia
1048 983 1294 1058 suainsanas
1314 979 1499 1079 Inprimis

376 1109 512 1185 Petrus
540 1107 659 1208 Priny
686 1108 860 1184 seductus
888 1115 970 1184 erat
996 1131 1064 1206 per
1089 1107 1244 1184 fratrem
1273 1129 1380 1184 suum
1410 1105 1495 1184 Ste-

373 1234 489 1334 phani
519 1233 656 1330 Baton,
687 1241 724 1309 et
749 1257 818 1334 per
836 1234 1024 1312 Thomam
1047 1235 1262 1333 episcopum
1281 1234 1495 1333 Vesprimi-

373 1384 521 1458 eneem3
551 1362 639 1464 quia
666 1361 802 1438 Petrus
829 1385 1018 1460 nunquam
1050 1361 1281 1460 prodidisset
1305 1361 1494 1438 Joannem

373 1487 516 1586 Regem
532 1487 573 1564 in
589 1490 721 1588 primis
748 1497 835 1588 post
861 1489 1137 1567 desolacionem
1162 1488 1268 1564 Bude
1286 1511 1355 1586 per
1373 1485 1494 1566 Gesa-

372 1639 451 1692 rem
469 1616 699 1711 Turcarum,
728 1639 876 1716 semper
894 1617 933 1692 in
952 1617 1033 1692 dies
1061 1637 1216 1692 nascere
1234 1615 1399 1706 faciebat
1416 1613 1494 1692 dis·

373 1744 567 1820 sensiones
585 1743 682 1819 inter
701 1765 754 1820 se.
783 1743 868 1820 Non
887 1742 1064 1820 videbant
1094 1741 1266 1838 Regnum
1290 1741 1493 1838 Hungarc·

372 1891 454 1946 rum
480 1867 662 1946 Germani
690 1869 968 1946 desolacicnem
995 1869 1197 1966 quottidie,
1227 1867 1294 1945 sed
1311 1891 1492 1968 prepara-

374 2003 509 2073 uerunt
528 1996 628 2071 viam
646 2001 786 2072 rectam
805 1993 960 2074 Oesaris
970 1995 1179 2073 ancarum
1191 2019 1283 2092 erga
1292 1995 1491 2091 Viennam,

375 2128 412 2197 et
430 2144 546 2221 supra
563 2121 750 2199 Viennam
769 2120 884 2196 Tucci
903 2122 1226 2220 perlustrauerant
1244 2143 1354 2218 quam
1373 2122 1491 2220 pluri·

375 2270 485 2324 mum.
506 2251 610 2346 Ergo
640 2248 815 2346 Hungari
842 2271 917 2325 non
946 2257 1033 2326 eunt
1049 2249 1256 2346 culpabiles
1276 2273 1321 2324 ac
1338 2248 1491 2326 bcceasi

374 2375 540 2474 pernicie
564 2373 873 2452 Christianitatis.
903 2373 1064 2466 Quodsi
1084 2375 1293 2452 noluissent
1311 2375 1490 2473 adjnuare

376 2497 600 2596 Hungarcs,
629 2507 765 2576 extunc
792 2499 1014 2578 habuissent
1030 2523 1184 2599 pacem,
1219 2523 1315 2578 nunc
1342 2502 1490 2599 quidem

375 2627 535 2704 luissent
553 2649 599 2706 cx
627 2633 713 2701 utra
737 2621 852 2702 felici.
882 2627 1009 2704 Exrea
1026 2627 1093 2702 wlt
1116 2649 1336 2726 quemquem
1358 2629 1491 2706 docere

375 2755 451 2832 ista
459 2753 689 2830 authoritas:
705 2750 917 2850 „Quidquid
926 2755 1021 2850 agis,
1031 2753 1232 2852 prudenter
1242 2777 1325 2852 age,
1344 2756 1490 2854 respice

378 2881 526 2960 finem.“
548 2879 575 2960 J
577 2901 718 2956 cennes
736 2877 821 2956 Rex
839 2880 1030 2956 meliorem
1050 2887 1163 2980 capnt
1180 2880 1345 2958 habebat
1361 2905 1490 2960 sensa-

223 3047 227 3058 ,
374 3016 466 3106 tum,
486 3031 598 3108 qnam
617 3006 875 3084 Ferdinandus
902 3008 1000 3084 sieut
1025 3009 1206 3107 scriptum
1224 3017 1283 3085 est
1301 3017 1343 3084 vt
1360 3032 1488 3108 supra,
1567 3079 1572 3090 .

377 3133 475 3228 Quia
502 3131 760 3210 Ferdinandus
787 3131 872 3210 Rex
900 3155 981 3208 cum
1008 3133 1112 3211 fatue
1138 3135 1252 3210 Petro
1272 3135 1390 3235 Priny
1407 3157 1489 3232 per·

376 3261 504 3362 peram
522 3261 564 3336 in
583 3260 663 3338 dies
681 3281 839 3338 nascere
860 3263 1064 3358 cogebant3
1084 3269 1122 3337 et
1140 3263 1240 3338 velle
1258 3263 1360 3340 nelle
1377 3261 1490 3360 turnij

377 3412 459 3466 cnm
478 3387 616 3464 ancis
634 3408 746 3484 qnam
764 3409 846 3462 cum
866 3385 1069 3499 Germanis
1090 3389 1254 3466 amicare
1281 3389 1488 3466 voluerunt.

377 3515 512 3610 Qualis
529 3537 626 3592 vnus
645 3521 790 3592 astutus
810 3521 917 3590 erant
934 3515 1032 3590 inter
1051 3539 1113 3612 se,
1141 3516 1232 3592 talis
1251 3524 1289 3591 et
1306 3515 1490 3594 secundus

378 3651 479 3742 eret,
510 3641 687 3718 videlicet
724 3641 860 3718 Petrus
887 3642 1007 3742 Priny
1035 3649 1073 3718 et
1100 3641 1183 3718 Rex
1219 3641 1490 3721 Ferdinandns.

378 3770 478 3866 Quia
495 3792 587 3870 sepe
605 3769 794 3856 scribebat
812 3769 895 3845 Rex
914 3769 941 3847 J
942 3791 1084 3846 oannes
1109 3769 1366 3864 Fcrdinando‚
1393 3769 1491 3868 qnod

299 3981 304 3988 ,
378 3922 453 3978 ncn
473 3906 574 3976 essct
600 3897 694 3974 satis
721 3897 804 3996 ipse
824 3898 872 3972 ad
890 3899 1164 3996 pugnacionem
1190 3905 1321 3976 centra
1348 3897 1491 3976 Turca·

377 4049 458 4126 rpm
477 4033 648 4126 gentem3
667 4023 753 4122 qnia
772 4023 890 4100 Turci
908 4025 1014 4100 mille
1031 4024 1195 4102 artifices
1212 4033 1310 4122 sunt,
1321 4033 1359 4102 et
1367 4033 1491 4126 preter

380 4156 470 4232 illos
488 4153 594 4230 nulla
611 4173 706 4250 gens
725 4157 782 4228 cst
800 4129 1090 4230 bellicosasicut
1106 4151 1195 4248 ipsi;
1215 4157 1382 4231 attamen
1400 4175 1491 4248 gens

379 4280 599 4359 naturaliter
618 4277 818 4355 effeminati
837 4279 958 4355 sunt.“
981 4277 1086 4354 Sicut
1103 4279 1281 4376 scriptum
1301 4285 1359 4356 est
1375 4277 1491 4356 Esaie

378 4408 539 4486 secundo
568 4436 577 4482 :
610 4407 685 4506 „Et
711 4405 912 4483 effeminati
944 4404 1228 4485 dominabuntur
1256 4405 1348 4482 eis.“
1389 4405 1491 4502 Ergo

381 4545 540 4634 quatuor
559 4533 775 4612 amasiones
803 4534 993 4612 habebant
1010 4541 1143 4630 quarta
1161 4533 1262 4626 vice,
1292 4531 1392 4631 quod
1418 4556 1492 4610 non

380 4672 579 4761 potuerunt
604 4664 801 4762 preualere
829 4685 952 4738 arcem
981 4660 1201 4738 Budensem.
1232 4661 1362 4736 Prima
1384 4685 1491 4738 ncca-
