3226 5220
1109 526 1189 608 Ἀθ

85 723 213 802 Ducem
231 725 404 801 Saxonis.
435 724 514 823 Ipsi
534 724 733 802 dixerunt:
759 724 863 820 ,Nos
882 727 1065 804 nemiuem
1093 727 1187 804 virli·

82 873 169 946 uus,
189 859 224 926 et
242 875 312 928 nos
329 851 664 946 interrogabimus,
686 857 723 927 et
735 851 851 948 judex
870 851 965 928 dixit
982 853 1187 946 Poanauio,

79 977 163 1072 quod
180 1001 252 1054 non
269 983 566 1075 comparuerunt,
587 984 625 1052 et
642 977 840 1074 pecuniam
858 979 912 1054 ibi
930 979 1180 1060 amissimus“

83 1103 287 1180 lutiuimus
313 1112 466 1202 postca,
496 1103 595 1200 quod
621 1104 660 1177 iu
687 1103 822 1180 itincre
850 1111 997 1198 essent,
1028 1128 1185 1204 cumque

81 1231 343 1325 persensissent
366 1230 414 1305 ad
442 1227 651 1322 Slesinom,
682 1227 872 1326 Georgius
901 1230 1118 1308 Makouien.
1149 1243 1185 1310 ct

79 1377 188 1432 omncs
205 1356 404 1453 optimates
423 1355 646 1432 Slesitarnm
664 1365 905 1434 surrexerant
933 1365 1065 1436 contra
1092 1383 1178 1452 eos,

81 1491 169 1557 une
185 1481 332 1580 possint
349 1483 479 1558 venire
497 1483 546 1557 ad
565 1481 816 1578 adjurandam
834 1483 861 1560 J
863 1485 975 1560 oanni
994 1485 1103 1582 Regi.
1134 1489 1184 1564 Et

81 1615 187 1686 castra
203 1609 332 1684 metati
352 1631 433 1684 cum
462 1615 587 1686 essent
612 1615 744 1684 contra
770 1631 836 1685 eos
855 1608 1090 1708 saxonibus,
1120 1613 1177 1696 illi

81 1757 150 1810 nox
168 1737 283 1812 eciam
302 1741 432 1811 contra
451 1736 663 1828 stanneum
684 1741 721 1810 ct
741 1743 897 1833 vtraque
916 1745 1023 1835 parte
1042 1739 1180 1822 irruon.

81 1869 117 1936 si
134 1862 360 1955 conflictum,
391 1870 428 1938 ct
454 1869 719 1960 percusserant
744 1860 1005 1959 Slesiasticos,
1036 1873 1073 1942 et
1101 1889 1183 1950 cun

83 2011 199 2086 magna
215 1988 403 2088 triumpho
418 1991 498 2086 jam
515 1989 694 2082 fuissent,
716 1997 753 2064 et
778 1990 968 2066 ciuitatem
1002 1980 1185 2072 olomocb

83 2122 357 2214 mispriserunt,
387 2123 425 2191 et
452 2137 564 2212 super
593 2116 781 2192 ciuitatem
809 2125 1032 2214 acceperant
1059 2117 1185 2202 decem

83 2249 200 2318 storto
218 2241 324 2318 milia
342 2239 516 2335 markas,
547 2249 584 2316 ct
612 2241 828 2338 episcopum
857 2243 1047 2340 captiuum
1076 2243 1184 2324 duoc-

83 2369 156 2442 brnt
171 2365 260 2420 ⁶⁷·lv·
285 2390 367 2442 cnm
386 2367 442 2442 cis
459 2367 641 2444 aduersus
660 2367 858 2442 Poloniam
878 2368 979 2445 circa
997 2369 1024 2446 J
1025 2393 1182 2450 munem

86 2492 217 2590 Regem.
248 2495 301 2570 Et
327 2495 396 2570 illa
424 2494 674 2592 quadraginta
701 2496 805 2570 milia
833 2517 979 2574 marcas
1007 2497 1185 2576 dederunt

83 2623 146 2712 jan
176 2623 223 2698 ad
265 2643 397 2698 manus
425 2622 613 2698 Ducorum
644 2621 876 2726 Senonibus,
914 2631 951 2698 et
978 2648 1047 2701 nos
1072 2625 1183 2702 valde

85 2750 354 2844 expectabamus
362 2771 427 2824 eos
437 2749 598 2825 letanter
606 2754 784 2844 tanquam
803 2754 929 2847 patres
948 2757 985 2823 et
1002 2749 1183 2849 propheto

84 2871 243 2952 inlimbo.
264 2874 317 2950 Et
333 2873 507 2954 dicebant
526 2902 535 2948 ε
559 2873 680 2970 ,Ecce
699 2875 872 2968 veniunt,
892 2874 954 2950 bie
972 2876 1122 2952 fuerunt
1140 2875 1179 2952 in

86 3021 143 3072 rna
158 2999 406 3078 eblomada.“
429 3001 481 3076 Et
498 2999 642 3096 Regem
662 3000 891 3078 animabant.

169 3125 236 3202 Isti
254 3125 387 3204 Poloni
414 3147 527 3224 super
555 3124 698 3222 Regem
726 3127 843 3204 multa
871 3128 1062 3205 commoda
1081 3130 1177 3210 soci-

86 3251 217 3343 piebant
243 3275 313 3352 per
340 3252 497 3352 nephas.
530 3253 589 3328 De
614 3254 709 3328 festo
728 3254 976 3332 assumcionis
993 3255 1180 3352 spectaui·

88 3397 152 3454 uus
176 3400 293 3477 vsque
311 3379 359 3453 ad
377 3377 512 3454 testum
541 3379 740 3456 Michaelis
769 3380 1019 3476 archangelis.
1046 3381 1182 3457 Postea

86 3504 192 3578 statim
219 3506 352 3580 iterum
390 3504 505 3578 tercio
541 3527 799 3602 precursorem
827 3505 929 3582 misit
955 3511 1038 3603 post
1064 3505 1178 3604 ipsos,

86 3649 222 3729 cumque
240 3631 476 3733 peruenisset
503 3655 567 3708 eos
594 3654 814 3730 precursor,
847 3635 920 3727 jam
948 3633 1181 3708 diuertebant

88 3755 125 3830 ul
140 3781 299 3858 proprya
317 3753 385 3858 (et)
413 3757 627 3855 gaudebant
654 3781 737 3834 cnm
764 3758 972 3856 triumpho,
1002 3757 1098 3855 quod
1125 3766 1180 3833 tot

88 3883 296 3962 commodum
325 3884 574 3981 optinuissent
601 3906 712 3982 snper
750 3884 976 3978 Almocien.;
1006 3890 1044 3958 et
1070 3905 1181 3981 super

89 4004 309 4104 ilesitarnm3
337 4010 452 4086 tercio
481 4033 594 4110 super
621 4010 840 4088 thesaurum
868 4009 1029 4088 Joannis
1046 4009 1177 4106 Regis.

91 4132 129 4208 Et
143 4137 241 4214 illum
266 4137 517 4237 permiserunt
535 4139 583 4214 ad
601 4139 753 4238 propria
770 4161 840 4215 sua
858 4139 914 4214 irc
932 4140 1001 4214 sub
1020 4137 1092 4212 duo
1111 4137 1178 4213 mi·

90 4259 132 4334 lia
153 4287 298 4342 marcas
325 4287 392 4364 pro
419 4265 678 4362 redempcione
705 4285 795 4357 sna;
821 4263 883 4340 hic
905 4265 985 4360 jam
1011 4269 1179 4360 quattus

90 4389 246 4470 articulus
276 4391 451 4468 utilitatis
479 4415 615 4469 eornm.
646 4391 696 4466 Et
722 4413 921 4490 precursor
941 4392 1021 4487 jam
1039 4389 1178 4468 tercius

89 4517 237 4594 contullit
262 4518 410 4596 litteras
445 4517 562 4615 Regis
597 4517 758 4596 Joennis
785 4517 834 4594 orl
860 4537 993 4605 manus
1029 4533 1176 4608 eorum

89 4659 221 4740 cunque
238 4644 490 4744 perlegissent
507 4643 688 4743 epistolas
705 4643 825 4739 Regis
844 4641 1068 4740 Msjestatis,
1078 4641 1177 4738 quod

90 4777 216 4847 sonaret
233 4777 364 4850 comma
380 4769 490 4846 fidem
517 4793 663 4863 eorum,
692 4792 776 4846 mox
804 4769 878 4867 ipsi
905 4767 1178 4868 responderunt
