3226 5220
425 477 497 575 138

420 719 521 795 cam,
541 705 579 774 et
596 677 769 795 magnam
787 699 939 776 missam
966 697 1270 794 solennizabant,
1291 705 1329 774 et
1346 699 1385 774 in
1404 700 1527 798 capite

299 873 301 878 -
420 824 689 911 consecrabant
706 847 808 901 more
827 846 952 900 eorum
983 822 1067 919 Ego
1077 821 1224 920 quidem
1235 824 1424 901 intuebam
1434 847 1529 922 eum,

422 950 601 1050 quomodo
621 950 795 1047 sedebat3
825 959 862 1025 et
880 972 961 1026 cum
978 957 1179 1048 preparato
1201 949 1457 1026 hornamcntc.
1478 949 1531 1028 Il·

419 1079 491 1155 lico
512 1078 651 1176 incepit
667 1099 804 1154 corona
832 1077 1005 1173 angelica
1031 1083 1178 1152 vertere
1197 1099 1239 1152 se
1257 1078 1297 1151 in
1316 1077 1438 1175 capite
1458 1077 1532 1152 Za-

420 1203 558 1304 polien.
587 1201 746 1281 Joanne.
775 1203 826 1278 Et
854 1203 1021 1301 episcopi
1046 1223 1136 1300 sepe
1155 1223 1237 1276 cnm
1262 1204 1433 1280 manibus
1451 1205 1533 1280 suis

418 1331 596 1406 tenebant
613 1352 681 1428 per
700 1337 810 1428 capnt
836 1351 963 1426 snnm3
993 1351 1104 1428 quum
1134 1329 1347 1426 amitebant,
1367 1329 1454 1405 ilico
1475 1331 1531 1406 in·

418 1457 517 1554 cepit
535 1456 652 1530 eciam
672 1463 818 1533 vertere
837 1479 878 1532 se
896 1457 935 1530 in
953 1456 1087 1555 capite.
1107 1453 1312 1550 Dicebant,
1340 1455 1439 1552 qnod
1456 1479 1533 1532 ncn

420 1589 591 1678 meretur,
612 1583 700 1678 qnia
719 1604 850 1659 manns
869 1583 1033 1680 pollutas
1042 1581 1156 1658 habet
1172 1583 1399 1677 sanguineas
1418 1603 1534 1681 snper

423 1708 644 1803 cruciferos;
672 1709 770 1806 quod
797 1709 1006 1807 decepisset
1028 1731 1093 1784 ecs
1112 1730 1193 1783 cnm
1213 1705 1284 1783 lide
1304 1729 1393 1804 sna3
1413 1713 1451 1782 et
1470 1727 1532 1784 sn-

421 1857 489 1933 per
517 1832 665 1912 Sicnlos
684 1836 723 1910 in
743 1835 1020 1913 'Pransiluanie
1050 1833 1101 1909 Et
1126 1855 1256 1910 verum
1280 1833 1453 1910 dicebant
1483 1833 1533 1910 ei-

422 1962 601 2039 mnlatim.
631 1961 790 2055 Quidam
823 1963 996 2040 dicebant
1023 1985 1118 2059 non,
1148 1961 1213 2039 sed
1239 1971 1392 2062 propter
1419 1970 1535 2062 capnt

421 2111 528 2166 sunm
546 2112 677 2189 parum
705 2091 829 2167 habet.
859 2091 910 2166 Et
928 2092 1024 2168 inter
1042 2091 1112 2166 hec
1130 2112 1221 2186 ergo
1248 2091 1533 2184 consecrabant,

421 2215 488 2293 sed
505 2219 751 2295 communitas
778 2217 847 2294 hec
871 2217 986 2294 verba
1013 2218 1241 2296 fabulabant.
1270 2217 1368 2310 Quia
1393 2217 1535 2295 iratres

415 2329 626 2440 karissimi,
645 2367 720 2420 vox
738 2345 867 2444 populi
884 2367 958 2420 vox
976 2345 1062 2421 Dei.

527 2468 615 2547 Jam
643 2468 885 2547 decreuerunt
912 2471 1235 2548 consecracionem
1253 2493 1379 2566 enam,
1409 2477 1447 2544 et
1464 2491 1533 2544 vn·

421 2598 560 2694 gebant
578 2598 751 2674 vnctione
775 2598 958 2695 regalium
978 2603 1089 2696 capnt
1107 2605 1145 2675 et
1163 2619 1313 2694 manus,
1333 2603 1375 2672 vt
1393 2597 1535 2673 calices

420 2725 540 2824 possit
573 2725 611 2800 in
647 2727 816 2804 manibns
844 2727 1024 2826 accipere.
1055 2729 1107 2804 Et
1134 2725 1182 2802 ad
1208 2725 1428 2802 sacrastiam
1465 2725 1535 2801 dn·

421 2859 566 2948 xerunt,
586 2859 624 2928 et
642 2861 823 2930 exuerunt
841 2877 936 2948 enm,
948 2861 985 2930 et
994 2853 1039 2929 de
1058 2853 1239 2930 sacrastia
1258 2859 1365 2928 extra
1382 2851 1461 2925 init.
1484 2851 1537 2926 Et

425 2977 599 3054 dixerunt
616 2979 651 3052 ei
670 2980 837 3079 episcopi
857 3008 866 3055 z
891 2980 1000 3078 ,Jam
1018 2979 1159 3058 Vestra
1177 2979 1229 3054 M.
1249 2986 1359 3056 exeat
1377 2977 1421 3053 de
1440 2977 1535 3054 civi·

420 3109 518 3196 tate,
539 3108 577 3178 et
594 3103 642 3177 ad
660 3103 874 3203 deputatum
901 3109 1023 3183 locum
1050 3128 1153 3183 more
1177 3106 1329 3212 antiqno
1350 3107 1429 3203 jam
1447 3127 1536 3180 cnm

421 3227 548 3324 gladio
565 3229 667 3306 beati
687 3229 869 3330 Stephani
888 3232 1006 3328 Regis
1031 3232 1177 3330 signum
1196 3231 1311 3308 iaciat
1330 3253 1430 3306 more
1448 3253 1535 3308 crn-

422 3354 513 3431 cis.“
529 3354 580 3431 Et
598 3356 653 3432 sic
662 3359 872 3458 supersedit
889 3383 1022 3456 eqnnm
1041 3383 1158 3454 anum,
1179 3365 1216 3435 et
1232 3359 1431 3435 voluerunt
1447 3379 1537 3434 cum

423 3503 467 3558 eo
485 3480 551 3557 ire.
581 3479 709 3558 Iernnt
727 3483 895 3581 qnidam,
916 3486 981 3562 alii
1000 3485 1238 3580 deridebant,
1258 3485 1436 3584 precipue
1453 3481 1535 3559 La·

422 3607 692 3703 dislansbdore,
713 3607 936 3689 Franciscus
947 3611 1123 3712 Battyan,
1134 3611 1361 3688 Valentinus
1371 3609 1536 3688 Turnus

317 3767 320 3776 ·
422 3733 564 3812 Panlns
593 3733 760 3837 Bacbyt,
799 3745 880 3813 erat
907 3738 1137 3834 Trecianus,
1162 3739 1245 3837 ipse
1272 3759 1355 3814 cum
1381 3742 1538 3814 caterua

422 3881 492 3937 sna
515 3881 597 3936 cnm
614 3853 669 3965 [eo
698 3862 940 3959 equitauerat.
980 3863 1142 3940 Etcum
1178 3863 1320 3942 bonore
1352 3863 1536 3941 Tracieni

421 3987 519 4066 intro
536 3995 798 4087 portauerant,
828 3990 916 4088 quia
943 3989 1048 4068 Iwan
1075 3989 1179 4068 Char
1205 3991 1359 4069 miserat
1382 3989 1536 4084 milites,

421 4111 514 4218 Μὶν·
536 4123 576 4191 vt
595 4123 721 4194 essent
739 4125 935 4218 presentes
962 4119 1010 4194 ad
1038 4119 1217 4198 honorem
1245 4126 1284 4195 et
1311 4118 1359 4195 ad
1376 4119 1536 4194 tutelam

421 4241 552 4340 ipsius.
586 4243 637 4318 Et
663 4251 906 4342 portauerant
933 4267 1058 4322 coram
1086 4245 1191 4343 Rege
1219 4245 1383 4322 v'cxilnm
1401 4245 1537 4341 regale

422 4377 528 4447 extre
546 4371 733 4448 ciuitatem
752 4373 800 4448 ad
818 4373 1019 4470 imaginem
1038 4373 1157 4451 sancti
1175 4373 1342 4468 Nicolai,
1363 4377 1401 4448 et
1418 4393 1535 4470 snper

422 4519 555 4595 equum
582 4499 717 4576 sedens
745 4499 974 4597 ewaginanit
1008 4501 1174 4598 gladium
1201 4499 1321 4576 sancti
1350 4495 1537 4597 Stephani

423 4619 491 4725 (et)
510 4623 657 4720 signnm
684 4625 774 4701 fecit
791 4625 911 4702 crucis
930 4626 978 4702 ad
997 4627 1196 4720 orientem,
1227 4625 1375 4721 signnm
1401 4629 1537 4699 sancte

423 4769 568 4824 crucem
586 4747 676 4823 fecit
694 4751 969 4846 cumgladioad
980 4751 1218 4846 occidentem,
1239 4751 1385 4846 signum
1403 4757 1537 4826 sancte
