3238 5228
393 533 472 610 264

396 731 495 830 quid,
516 731 580 824 ait,
592 749 688 804 vnus
707 723 968 804 Germanus?“
995 724 1132 820 „Vera
1152 724 1297 800 domino
1315 724 1413 819 Rex,
1433 725 1516 824 ipse

242 841 247 854 ’
396 861 499 936 solus
517 857 706 932 fabricare
732 855 895 947 iecerat;
925 852 1022 950 quod
1049 873 1175 928 arcem
1195 851 1340 927 Budam
1358 875 1432 930 non
1452 851 1516 926 da-

397 993 464 1076 ret,
485 983 604 1059 donec
622 1001 757 1079 eorpus
776 979 898 1077 ipsius
917 977 1083 1054 dorstad
1100 977 1313 1076 sepulerum
1333 985 1518 1054 mortuum

397 1132 515 1187 sunm.
542 1107 602 1182 Ita
630 1105 728 1203 Regi
757 1103 986 1181 Ferdinandi
1016 1109 1243 1198 eroganerat
1269 1103 1348 1179 se.“
1382 1103 1433 1178 Et
1460 1103 1519 1178 in·
1603 1123 1604 1144 ¹

397 1243 576 1336 oeperunt
593 1233 717 1310 ridere
737 1231 880 1327 egregii
901 1230 974 1306 viri
993 1237 1031 1304 et
1048 1230 1216 1324 nobiles,
1236 1229 1333 1305 siout
1351 1229 1394 1306 iu
1413 1229 1518 1306 ouria

398 1363 494 1438 tales
522 1358 711 1436 deludunt.
751 1356 799 1430 Et
827 1355 876 1430 ad
903 1355 1079 1431 Zalawar
1107 1355 1310 1454 equitauit,
1341 1356 1517 1452 quonium

398 1487 557 1562 abbacia
575 1492 657 1561 erat
675 1491 713 1558 et
731 1483 829 1558 mole
847 1482 1010 1557 tenebat.

508 1615 552 1689 In
583 1613 737 1688 ciuitate
774 1611 882 1686 Buda
919 1619 1025 1686 erant
1054 1611 1157 1708 pleni
1187 1633 1270 1686 cum
1299 1607 1516 1688 Germanis.

403 1742 580 1840 precipue
601 1740 708 1837 qnasi
727 1745 902 1836 quattuor
915 1745 1023 1812 conta
1042 1737 1270 1814 mansionari
1290 1735 1521 1813 Fordinandi

399 1869 536 1966 Regis,
558 1876 596 1943 et
614 1869 717 1943 ciues
737 1865 931 1943 Budenses
949 1889 1032 1941 onm
1052 1867 1128 1958 eis,
1155 1873 1192 1940 et
1210 1865 1389 1964 precipue
1402 1863 1519 1962 juder

401 1995 616 2092 Wlffangus
634 1991 836 2092 pannioida
856 1992 1019 2090 optimus
1039 1992 1149 2068 homo
1169 1997 1206 2064 et
1223 1992 1356 2067 bonus.
1377 1990 1521 2066 Eterat

404 2125 442 2198 in
463 2123 615 2198 ciuitate
634 2120 739 2196 Bude
757 2121 927 2195 notarius
946 2119 1129 2193 Nicolaus
1147 2114 1522 2212 HungarusCesaris

401 2249 609 2324 anoarum
628 2254 666 2321 et
682 2245 803 2320 bonus
823 2253 915 2318 erat.
945 2244 996 2318 Et
1025 2243 1173 2320 dicebat
1191 2244 1265 2329 eis,
1296 2265 1342 2318 ue
1361 2243 1523 2318 debeant

400 2378 455 2454 ire
475 2397 608 2452 versus
628 2373 827 2464 Viennam,
848 2371 936 2468 qnia
946 2369 1067 2448 Cesar
1085 2373 1223 2447 multas
1242 2379 1375 2468 gentes
1393 2371 1523 2444 varias

401 2503 525 2578 babet.
560 2498 770 2596 „Quoniam
790 2497 823 2572 si
842 2497 891 2571 od
909 2496 1017 2571 fidem
1038 2495 1195 2573 Cesaris
1220 2495 1377 2572 dedistis
1396 2518 1521 2572 arcem

402 2627 567 2718 Budam,
597 2623 718 2702 Cesar
745 2630 867 2718 tenet;
897 2623 964 2699 sed
993 2631 1080 2722 post
1106 2624 1189 2722 ipso
1217 2624 1279 2721 qui
1308 2631 1415 2717 sunt,
1445 2647 1520 2699 non

401 2761 548 2847 tenent,
578 2775 622 2826 ao
651 2750 704 2824 nil
732 2757 865 2824 curant
898 2749 970 2824 fide
999 2748 1163 2826 Oesaris.
1194 2750 1296 2845 Ergo
1325 2751 1522 2826 maneatis.

401 2879 602 2980 praecipue
632 2877 779 2951 domine
818 2875 1035 2973 Wlffanghe
1064 2904 1073 2950 :
1105 2883 1230 2952 tamen
1259 2875 1405 2952 domum
1434 2899 1522 2975 pro·

404 3009 525 3106 priam
544 3005 659 3080 habet
677 3003 715 3078 in
735 3002 862 3095 Bnda,
883 3002 973 3098 qnid
992 2999 1152 3079 ouras?“
1185 3001 1396 3078 Secundum
1415 3025 1523 3079 suam

375 3181 377 3186 -
403 3133 614 3232 opinionem
645 3130 796 3205 volebat
823 3151 1036 3223 remanere3
1065 3128 1132 3204 sed
1161 3129 1218 3204 illi
1246 3128 1405 3228 predicti
1425 3127 1524 3206 Ger·

404 3259 504 3334 mani
524 3254 753 3334 seduxerunt
771 3277 875 3350 eum,
903 3264 939 3332 et
958 3256 1133 3332 dicebant
1153 3285 1160 3329 ε
1186 3257 1310 3353 ,Veni
1328 3256 1524 3333 nobiseum

407 3384 554 3462 domine
574 3383 812 3478 Wlffanghe3
842 3384 977 3460 melius
995 3391 1035 3458 vt
1054 3384 1166 3460 simul
1185 3385 1418 3482 pereamus.“
1447 3383 1524 3460 Ad-

403 3513 477 3590 buo
496 3510 678 3587 Nicolaus
697 3511 867 3587 notorius
886 3509 1261 3590 Gesoris'Puroarum
1277 3511 1399 3588 adhue
1419 3512 1525 3610 ipsos

259 3623 263 3632 ⁴
405 3639 616 3739 suplioabat
634 3661 714 3733 eos,
735 3647 776 3713 vt
794 3662 841 3714 ne
860 3640 958 3715 irent
976 3639 1023 3714 ad
1052 3640 1150 3715 viam
1179 3639 1428 3738 prodicionis,
1458 3641 1525 3716 sed

402 3741 643 3846 remaneant
663 3765 713 3840 Et
740 3766 1006 3844 nichilominus
1034 3767 1153 3866 potuit
1181 3789 1247 3843 eos
1265 3767 1454 3844 resedere.
1478 3767 1526 3842 Et

406 3893 597 3976 habebant
615 3891 779 3968 vexillas
798 3899 986 3990 quattuor,
1006 3901 1044 3969 et
1061 3893 1101 3969 iu
1119 3893 1285 3993 timpano
1304 3893 1527 3992 inceperunt

406 4025 623 4118 pereutere,
652 4023 689 4090 et
715 4023 824 4094 extra
852 4040 1010 4116 cumque
1036 4019 1134 4095 irent
1161 4019 1207 4094 de
1233 4019 1406 4114 ciuitate,
1427 4031 1467 4095 et
1486 4022 1523 4096 in

376 4155 379 4162 '
411 4163 565 4222 numero
582 4141 877 4250 denumerabapt
894 4151 1013 4220 semet
1030 4145 1146 4243 ipsos,
1167 4153 1341 4242 quattuor
1359 4153 1472 4222 centa
1492 4157 1527 4223 et

407 4269 542 4370 viginti
571 4275 746 4366 quattuor
773 4269 845 4346 viri
865 4277 903 4346 ot
920 4269 1072 4348 milites.
1100 4269 1151 4346 Et
1167 4270 1206 4348 iu
1230 4291 1361 4370 eampo
1389 4269 1525 4370 Logot,

405 4395 744 4496 qnoddnoepernnt
761 4397 818 4475 ire
836 4419 969 4475 versus
987 4397 1193 4492 Viennam,
1220 4403 1357 4476 extnno
1373 4401 1527 4478 inerant

408 4523 533 4622 parati
550 4521 698 4622 pedites
726 4523 975 4604 ianoharones
1003 4531 1041 4600 et
1068 4527 1214 4623 equitas
1241 4526 1358 4620 olom,
1380 4533 1418 4601 et
1437 4537 1526 4604 anto

408 4669 473 4726 eos
500 4669 613 4724 vnum
641 4651 823 4728 vexillum
851 4651 1039 4728 vehebant
1066 4673 1261 4750 magnum,
1280 4661 1319 4729 et
1336 4653 1528 4734 irruerunt

407 4769 534 4850 nura
550 4795 645 4870 gens
670 4783 801 4853 eontra
827 4775 1084 4855 Germanicos.
1115 4778 1214 4855 Dum
1233 4801 1309 4857 vna
1325 4779 1421 4858 hora
1434 4803 1525 4858 onr-
