3248 5210
1152 515 1203 594 51

84 718 237 794 undum.
259 717 311 792 Et
329 718 425 794 mira
443 741 504 795 res
523 725 624 814 erat,
654 718 753 815 quod
771 717 973 794 molendini
991 725 1075 794 rota
1092 724 1205 794 stete·

84 854 147 922 rat
177 869 261 922 oum
289 845 505 940 sacerdote;
534 853 572 920 et
600 843 639 921 iu
657 845 838 921 hodierno
857 843 918 918 die
937 843 1073 920 ciuitas
1091 845 1206 920 estin

82 973 303 1050 testimonio
341 973 558 1050 sacerdotis.
602 973 654 1047 ut
690 971 838 1048 dieehat
875 971 1018 1064 Paulus
1055 971 1204 1046 Kinisi:

88 1101 220 1192 „Vere
239 1099 441 1176 iraeuudus
459 1107 518 1176 est
536 1104 726 1196 eompater
752 1120 858 1174 meus
877 1097 1018 1174 Deus.“
1051 1097 1103 1172 Et
1120 1120 1206 1196 pro·

8 1313 9 1324 Ν
84 1235 174 1324 pter
194 1226 352 1302 alteram
381 1247 552 1320 oausam,
582 1223 682 1321 quod
708 1225 889 1300 decimam
918 1225 1086 1323 episeopi
1106 1221 1206 1300 Cha-

8 1329 9 1344 *
86 1351 284 1429 madiensis
321 1354 419 1428 omni
448 1376 545 1428 anuo
583 1352 655 1427 sibi
693 1359 954 1450 representare
981 1353 1133 1445 ¹fenerat
1161 1349 1208 1425 ad

8 1481 9 1576 Q
87 1501 217 1556 areem
245 1479 644 1558 Themeswarieusem.
674 1479 726 1556 Et
743 1487 897 1579 propter
921 1480 1041 1554 seiam
1057 1479 1207 1556 tertiam

8 1651 9 1664 ι
87 1629 265 1700 cauum,
294 1606 394 1703 quod
416 1607 470 1682 uil
498 1608 654 1684 nutabat
672 1604 717 1681 de
736 1589 1124 1683 excommunicacioue
1144 1628 1204 1680 eo·

8 1709 9 1762 ³
89 1733 221 1810 alesia.
251 1733 303 1809 Et
320 1741 407 1832 post
434 1741 589 1810 mortem
617 1734 736 1832 ipsius
765 1755 950 1832 suspensa
977 1741 1059 1810 erat
1084 1731 1210 1807 anima

91 1883 212 1957 rsque
231 1860 279 1935 ad
297 1883 435 1936 annum
454 1863 660 1958 integrum,
690 1861 779 1958 quia
805 1869 912 1938 noete
941 1859 1075 1958 dieque
1093 1859 1211 1935 multa

90 1987 291 2084 pulsabat,
321 1995 358 2061 et
386 1987 483 2062 ollas
511 1988 715 2083 fraugellat
733 2010 778 2063 ao
797 1985 883 2084 ΙΨ·
915 1988 1209 2086 eloperuizabat.

91 2111 180 2188 Hoe
198 2113 367 2190 videntes
386 2115 555 2210 religiosi
575 2115 800 2192 claustrales
819 2123 857 2190 et
875 2115 1078 2214 parochus,
1099 2113 1209 2190 valde

88 2241 306 2318 famabatur
334 2241 373 2316 iu
403 2242 481 2317 vita
517 2242 619 2352 bona
646 2263 715 2319 sua
748 2243 897 2318 nomine
926 2241 1143 2318 Demetrius
1170 2243 1209 2318 iu
1342 2217 1349 2232 ’

8 2395 9 2460 3
89 2369 248 2444 ciuitate
266 2367 531 2464 Themeswar3
561 2377 599 2443 et
617 2370 790 2446 misertus
819 2369 890 2444 fuit
918 2391 1032 2468 super
1061 2393 1209 2467 eompa-

8 2481 9 2520 ³
88 2507 191 2572 trem
208 2517 317 2572 suum
346 2496 456 2572 Pauli
478 2495 629 2590 Kinisi,
650 2497 736 2596 quia
759 2496 876 2573 dliurn
904 2519 1011 2572 suum
1039 2497 1210 2596 baptiza·

89 2631 214 2702 uerat.
250 2621 357 2700 Fecit
389 2623 531 2721 grande
568 2627 960 2702 commemoraeionem
989 2648 1057 2724 pro
1086 2626 1211 2701 anima

8 2735 9 2774 ⁷
91 2751 229 2850 ipsius,
249 2758 287 2824 et
303 2751 460 2826 imolare
479 2751 618 2827 vitulos
637 2759 676 2840 et
694 2752 792 2828 ireos
811 2775 856 2827 ae
875 2751 1049 2827 volatilia
1067 2751 1212 2830 oooissa

93 2901 162 2976 pro
183 2879 310 2953 anima
339 2878 478 2976 ipsius;
504 2885 541 2953 et
570 2879 714 2956 hostias
742 2881 892 2978 eopiosa
921 2879 1124 2955 obtullerat
1151 2901 1210 2954 sa·

94 3005 330 3098 eerdotihus,
361 3011 399 3080 et
425 3007 615 3103 religiosis
635 3015 673 3082 et
691 3007 941 3106 pauperihus;
971 3003 1210 3104 quamobrem

95 3139 230 3210 eontra
257 3155 425 3232 paganos
453 3141 535 3210 erat
562 3133 672 3209 valde
700 3141 800 3210 tutor
819 3141 857 3208 et
875 3131 996 3210 fidelis
1025 3130 1210 3207 Euolesie.

100 3259 148 3332 Et
165 3260 244 3336 ista
262 3282 386 3336 eoram
406 3260 488 3336 Deo
501 3260 684 3338 altissimo
703 3261 743 3336 iu
761 3261 1014 3336 memeueioue
1024 3257 1213 3334 laniabant

98 3387 168 3462 riri
191 3386 421 3482 adoratores,
442 3395 480 3462 et
497 3390 553 3464 sie
572 3388 734 3487 amplius
753 3411 849 3464 runs
869 3387 1087 3487 eomparuit.

205 3513 315 3591 Alter
333 3538 422 3593 vero
442 3515 657 3614 Stephanus
677 3513 1214 3610 Batorvolebatianugaria

101 3649 176 3734 tm,
196 3649 237 3716 vt
255 3649 357 3720 esset
375 3665 469 3720 vnus
487 3644 709 3742 episeopus3
736 3651 900 3719 attamen
925 3645 1022 3720 alter
1039 3643 1137 3718 latro
1157 3641 1213 3716 in·

103 3765 223 3844 tidelis
241 3767 514 3864 strigoniensis
540 3773 714 3848 obstabat
731 3771 766 3845 ei
786 3778 824 3846 et
848 3769 1076 3846 hereditates
1095 3767 1215 3845 oruais

104 3890 245 3972 Christi
283 3898 436 3973 valeant
474 3921 658 3997 oeeupare
687 3897 734 3972 ad
762 3897 962 3974 eokuiuam
990 3919 1128 3975 eorum.
1163 3895 1215 3970 Et

107 4023 305 4116 mirarer,
335 4025 484 4120 signum
513 4026 650 4102 malum
678 4047 792 4125 super
820 4049 903 4102 eum
938 4023 1140 4101 deseendit.
1170 4019 1215 4096 In

106 4147 312 4226 fatuitatem
331 4159 520 4228 sensatum
539 4153 764 4230 deveniebat
782 4160 820 4228 et
838 4151 1007 4248 fugiebat
1030 4173 1098 4250 per
1116 4167 1215 4225 oam-

107 4297 172 4371 pos
189 4283 228 4351 et
245 4277 366 4354 siluas
394 4279 599 4355 ehoniehat
621 4301 704 4356 oum
731 4279 853 4358 delira
878 4279 1075 4374 aanoioue,
1106 4283 1144 4353 et
1161 4275 1217 4352 sio

108 4399 185 4500 ipse
201 4405 494 4502 hausurigrauit'
504 4406 550 4482 de
570 4405 718 4484 mundo.

1013 4549 1061 4628 4*
