3238 5228
1137 537 1217 618 289

106 737 380 837 ruperintuebet
416 735 464 813 ad
500 737 623 837 capita
671 706 837 816 cenorum
875 741 913 814 et
950 737 1003 813 nil
1049 735 1218 813 abhomi-

107 867 225 942 nabat.

206 992 256 1068 Et
272 991 448 1070 tereiario
468 999 650 1068 venerant
667 992 751 1068 iam
771 993 809 1068 in
838 993 910 1068 fine
940 992 988 1068 ad
1015 992 1220 1092 imppetnm

106 1121 250 1221 copioea
267 1117 360 1222 Ἤν·
397 1119 573 1218 armigeri
603 1143 650 1197 ex
669 1129 785 1220 ¹parte
816 1121 913 1200 Ister
943 1119 1020 1198 flui.
1050 1117 1218 1220 Copioea

105 1269 193 1344 geue
219 1249 360 1349 incepit
385 1272 477 1348 pare
511 1247 739 1326 Germanica
758 1249 903 1326 irruere
920 1247 967 1324 ad
996 1267 1139 1324 murum
1168 1248 1219 1324 oi·

105 1373 226 1454 uitotiu
254 1375 293 1451 in
312 1383 472 1474 quatuor
514 1373 626 1470 locis,
656 1375 833 1452 videlicet
861 1399 907 1452 ex
935 1383 1043 1475 porte
1070 1374 1218 1473 palacia

110 1499 305 1602 Hornogh,
327 1501 490 1580 necundo
509 1524 556 1578 ex
575 1509 682 1600 parte
702 1500 830 1579 Sancti
858 1502 1010 1579 Nicolai
1038 1502 1216 1596 clanetri;
1266 1531 1272 1538 ·

107 1630 215 1707 tercio
253 1653 301 1706 ex
334 1637 443 1728 parte
465 1629 673 1710 ecclesiam
711 1629 828 1706 Beate
865 1629 988 1706 Morie
1023 1629 1218 1728 Virginie;
1259 1609 1262 1614 ’

107 1763 232 1852 quarta
250 1780 297 1833 ex
316 1763 429 1854 parte
449 1755 549 1832 arcio
568 1755 755 1832 Budcnoie
774 1756 820 1832 de
838 1757 966 1833 termis
985 1754 1115 1833 Sancti
1134 1753 1212 1834 Ge·

109 1882 214 1960 rendi.
266 1973 271 1985 ,
538 1959 540 1966 .

208 2008 296 2088 Jcm
333 2009 373 2084 in
399 2007 529 2084 ultimo
559 2008 749 2086 fueramus
776 2009 815 2083 in
843 2009 1002 2105 agonia,
1034 2031 1120 2082 ecoe
1157 2007 1218 2084 hio

113 2137 239 2214 nanee
256 2138 417 2237 probatu
436 2142 517 2211 erat
535 2143 573 2211 et
590 2136 757 2236 proficuo
776 2111 1028 2214 eeoraoratic.
1040 2135 1217 2213 Jneeerat

112 2263 192 2341 mihi
209 2263 303 2357 Rex,
323 2271 364 2340 vt
382 2287 465 2342 cum
484 2263 742 2344 cacerdotibus
768 2273 806 2340 et
833 2265 1067 2364 pauperibus
1094 2263 1217 2364 popli·

110 2389 199 2468 tibur
216 2390 342 2470 curnis
367 2391 576 2488 suffragare
604 2393 818 2488 valeamus,
849 2415 932 2471 cum
964 2392 1011 2467 ad
1038 2391 1217 2490 impetum

111 2515 305 2598 irmebant.
345 2518 495 2595 Extuno
532 2519 636 2595 illico
673 2527 711 2594 et
738 2543 806 2598 noe
834 2519 882 2596 ad
908 2527 1048 2596 terram
1077 2538 1218 2616 pronus

111 2643 371 2742 cecideramus,
409 2653 447 2720 et
473 2645 530 2722 sic
566 2646 763 2745 deprecan.
794 2647 936 2742 Deum,
975 2653 1013 2721 et
1050 2642 1216 2741 ejusdem

113 2771 322 2862 genitricem
351 2771 618 2850 inuocabamne
638 2797 720 2852 oum
739 2775 900 2871 eunctie3
920 2781 959 2848 et
975 2794 1062 2848 mox
1090 2769 1217 2846 deeee·
1302 2827 1306 2838 .

112 2895 211 2976 nebat
228 2898 401 2996 impetus.
422 2899 473 2974 Et
490 2899 661 2978 domiuus
681 2899 797 2978 Gritti
816 2925 899 2978 cum
917 2897 1054 2978 'Porcio
1072 2904 1110 2972 et
1134 2917 1216 2972 cum

114 3017 307 3102 'Precianie
326 3026 508 3104 adversus
526 3050 593 3106 eoo
611 3029 740 3123 irruit,
770 3035 807 3104 et
834 3028 1012 3105 adaucter
1039 3047 1122 3100 eum
1150 3043 1217 3122 pu·

114 3151 675 3255 mobotadoereueeoepropter
694 3177 828 3232 aureos
847 3153 1022 3248 florenos,
1042 3171 1114 3247 quc
1132 3157 1217 3225 ante

114 3279 334 3375 projicebaut
352 3281 399 3356 de
418 3280 576 3358 manica.

168 3403 255 3485 Inde
274 3406 423 3507 quidem
442 3407 669 3486 Benedictus
684 3409 849 3511 Bekeny
866 3415 1088 3490 cucurrebat
1103 3435 1216 3512 anper
1254 3463 1256 3474 ι

114 3549 238 3627 equum
257 3535 402 3631 reden,
421 3535 569 3614 diceban
587 3534 706 3634 Regi:
732 3534 865 3636 „Quod
883 3538 1065 3616 solacium
1083 3539 1213 3636 habeo,

115 3677 237 3754 aquom
264 3667 436 3761 oportent
461 3661 511 3738 cd
537 3673 647 3740 corto
675 3661 833 3755 ducere,
862 3663 951 3762 quia
978 3665 1018 3740 in
1045 3663 1219 3744 conflictu

116 3781 257 3864 nimium
275 3787 438 3866 eiciuitf‘
462 3785 585 3882 Quum
602 3789 697 3866 vidit
714 3813 773 3867 me
782 3788 876 3885 Rex,
897 3790 992 3868 dixit
1011 3819 1020 3866 ε
1045 3789 1215 3890 „Adiuua

115 3907 211 4008 mihi,
229 3922 338 4013 pater
357 3915 535 4011 Georgi.“
558 3913 714 4015 Capien.
735 3917 845 3994 umbo
863 3917 1023 3994 lebetem
1042 3941 1216 4016 magnum

116 4031 153 4110 de
169 4041 324 4139 coquina
342 4039 513 4120 haurion.
533 4065 615 4120 cum
634 4043 749 4143 plena
768 4033 878 4142 aquia.
900 4045 952 4123 ut
968 4024 1213 4124 eiofuudeba-

116 4181 185 4242 nuo
202 4187 314 4270 cuper
332 4168 442 4266 bigae
461 4169 500 4246 iu
519 4169 688 4266 doleum,
709 4169 749 4246 id
767 4171 892 4248 estad
910 4177 1042 4262 dodon
1069 4174 1124 4250 ita
1151 4195 1216 4252 vo-

116 4287 466 4374 contundendos.
497 4296 573 4374 Aut
601 4296 729 4375 decem
757 4299 1068 4399 impleueramne,
1098 4307 1136 4376 et
1162 4303 1219 4380 oio

115 4425 227 4512 potum
261 4423 470 4503 tribuimus.
510 4425 560 4502 Et
588 4425 659 4503 hoo
688 4429 887 4504 maximum
916 4437 997 4505 erat
1024 4427 1219 4528 Hungoria

116 4537 320 4633 dedecoret
338 4551 478 4652 pudor,
500 4551 599 4651 quod
617 4553 666 4630 od
684 4555 887 4655 imppetnm
906 4556 1009 4654 ipeoe
1028 4579 1102 4634 non
1130 4579 1215 4656 per·

116 4669 298 4754 mittebant
317 4677 365 4754 ad
384 4677 617 4773 conflictum
637 4682 726 4779 quio
744 4681 963 4760 dubitabant
992 4706 1086 4778 gene
1115 4685 1217 4782 Ago·

118 4816 198 4876 reno
215 4812 252 4880 et
268 4827 363 4901 gene
382 4805 584 4884 'Preciana
619 4807 757 4884 Tereia
779 4832 874 4906 geue
901 4807 1068 4886 Zlowaoi
1095 4811 1218 4891 Boho·

161 4934 249 4986 toron
268 4946 339 4986 nore.
357 4947 373 4986 ι.
1008 4915 1057 4994 19
