3248 5210
381 415 432 492 88

385 615 576 694 infamiam
595 613 743 689 dicebat
762 617 891 688 contra
909 611 1093 690 Jacobum
1113 611 1260 711 Banffy‚
1280 619 1318 686 et
1332 611 1506 688 Jauobna

387 741 523 840 Banffy
541 740 579 814 in
598 739 733 814 faciem
753 759 836 812 eum
856 737 1086 830 minauerat,
1107 737 1280 832 inquiens
1299 738 1355 814 ei:
1378 739 1508 834 „Vere

385 867 508 948 bestia
528 864 705 942 Boaanak
724 871 878 942 mortem
899 863 1082 962 paciaris,
1108 864 1140 940 ei
1160 870 1201 939 tu
1220 863 1348 940 dixisti
1373 873 1511 942 contra
1598 922 1599 956 i

386 996 579 1074 honorem
595 997 632 1065 et
660 989 790 1066 centra
818 988 1085 1065 humanitatem
1121 1013 1241 1066 meam
1270 991 1504 1068 infamiam.“

387 1119 555 1216 Cumque
575 1119 752 1195 audiebat
772 1117 948 1192 Bosanak
968 1116 1154 1211 Mathiaa
1180 1117 1356 1195 dicebat:
1381 1119 1511 1214 „Vere

387 1245 584 1342 magnifiee
612 1244 760 1320 domine
790 1267 863 1320 non
882 1266 973 1339 ego,
1004 1265 1125 1340 neque
1144 1246 1191 1318 ab
1211 1244 1300 1320 aliis
1329 1243 1506 1340 audiui;“

387 1374 509 1470 ipsum
538 1379 670 1470 postea
698 1370 902 1468 auplicauit
921 1377 958 1444 et
984 1369 1242 1445 reconciliauit
1269 1393 1352 1445 cum
1380 1371 1513 1448 multis

389 1498 614 1574 muneribua
646 1497 697 1572 Et
724 1497 870 1574 demum
899 1497 1066 1572 exalauit
1093 1496 1138 1571 de
1158 1497 1293 1572 mundo
1313 1503 1351 1572 et
1368 1497 1439 1572 init
1459 1498 1512 1574 ed

389 1635 517 1725 patres
535 1633 684 1703 nostres
714 1623 907 1702 Abraham
926 1647 1053 1700 semen
1072 1626 1174 1722 ejus,
1204 1631 1241 1700 et
1260 1626 1431 1724 sepultus
1450 1635 1514 1702 est

389 1753 428 1826 iu
448 1749 579 1828 eadem
596 1752 724 1826 tumba
743 1751 782 1825 in
801 1750 985 1844 Verwch‚
1011 1750 1074 1826 ubi
1094 1751 1280 1850 sepultum
1299 1750 1440 1828 habent
1459 1754 1511 1828 ab

390 1877 504 1954 inicio
525 1885 594 1952 etc.

497 2003 548 2077 Et
574 2004 647 2080 iste
673 2001 849 2078 Boasnak
878 2026 952 2078 nun
980 2003 1136 2079 multum
1164 2003 1279 2096 vluit,
1310 2004 1513 2080 subitanea

393 2137 510 2207 morte
540 2129 782 2205 inueniebant
820 2152 904 2204 eum
933 2130 971 2204 in
999 2131 1109 2206 lecto.
1150 2129 1200 2204 Et
1236 2129 1514 2206 maledicebant

393 2282 497 2352 eum,
519 2281 655 2355 eorpus
673 2257 814 2333 habere
834 2263 1012 2354 tanquam
1031 2260 1165 2354 carbo,
1186 2265 1224 2332 et
1243 2257 1433 2334 sordidum
1452 2268 1513 2334 at-

393 2407 465 2483 que
485 2385 644 2483 sulphur
663 2385 852 2461 olffactnm
871 2386 1089 2461 sentiebant
1114 2385 1318 2462 cubiculari
1337 2387 1430 2483 ejus.
1460 2387 1515 2462 Et

394 2514 433 2586 in
463 2511 569 2586 Buda
598 2519 656 2586 eet
684 2511 854 2609 sepultus
882 2512 919 2586 in
949 2519 1078 2588 sancto
1116 2511 1309 2612 Stephano
1347 2513 1514 2590 claustro

394 2637 616 2734 augustinia
635 2645 705 2714 etc.

692 2942 1024 3046 (cnunnunuu
1053 2943 1216 3048 xxm).

397 3109 591 3189 Quomodo
622 3111 705 3205 jam
742 3110 948 3182 obsedebat
991 3130 1119 3183 arcem
1154 3111 1364 3183 Turdorum
1400 3109 1516 3184 cesar

555 3235 932 3352 Kantion-Albensem
951 3239 991 3308 et
1009 3235 1176 3328 qualiter
1194 3235 1353 3329 accepit.

507 3447 581 3522 Hic
604 3449 683 3544 jam
712 3447 879 3545 practica
914 3447 1068 3524 Cesaris
1104 3449 1281 3546 incipitur
1317 3457 1437 3524 cauta.
1469 3447 1516 3523 In

400 3575 530 3674 primis
560 3573 648 3648 lecit
676 3572 845 3650 euadere
883 3575 1080 3650 officialem
1109 3597 1216 3650 sunm
1246 3575 1290 3650 de
1319 3574 1516 3652 Zendwrw

399 3706 625 3776 Balimbaaan
643 3697 698 3801 *),
720 3699 902 3796 quomodo
922 3701 1158 3777 ambularent
1177 3703 1214 3776 in
1234 3703 1411 3776 caucione
1431 3723 1513 3776 sua

400 3827 634 3904 Reformauit
653 3827 853 3902 officialem
864 3849 984 3920 enirm,
1006 3827 1516 3923 quomodolraberentamiei-

401 3956 497 4030 ciam
516 3977 599 4030 eum
629 3953 856 4029 officialibus
884 3953 1185 4048 vicegerentibus
1212 3953 1309 4050 quod
1338 3954 1521 4029 sensisset

401 4079 520 4158 Cesar
548 4079 757 4155 Turcarum
787 4081 1070 4156 instabilitatem
1099 4080 1384 4176 Hungarorum,
1415 4085 1452 4154 et
1480 4081 1520 4154 in

401 4231 477 4306 qua
505 4209 722 4284 condicione
760 4209 891 4284 forent.
923 4207 973 4282 Et
1001 4207 1095 4282 dixit
1124 4207 1323 4282 Balimbek
1363 4205 1517 4283 Casani:

405 4335 514 4432 „Duo
533 4343 619 4412 eunt
638 4335 872 4430 vicebauati,
893 4336 1035 4434 primus
1063 4334 1274 4412 nominatur
1297 4335 1428 4410 Blauto
1449 4331 1518 4434 **),

531 4535 743 4545 --—·------·

438 4607 468 4672 *l
488 4604 552 4662 lita
573 4603 627 4662 lla
649 4605 814 4680 „Balibeg.“

422 4699 474 4762 “l
494 4695 558 4755 Mt·
578 4693 631 4756 lrdn
652 4695 772 4760 „Olalm
