3226 5220
348 504 426 584 174

347 705 580 804 proclamare
598 701 740 779 iecerat
758 707 906 799 gentem
924 701 973 777 ad
1001 723 1126 777 arcem
1154 699 1395 799 strigonien,
1425 707 1466 777 et

348 855 394 907 ne
413 831 546 908 darent
564 828 620 905 eis
640 851 765 905 arcem
792 829 873 906 sine
902 827 1163 923 conflieeione,
1191 829 1303 906 haud
1330 828 1466 929 pocius

347 963 560 1057 pugnarent
578 963 711 1034 eontra
739 953 962 1034 Germanos.
992 955 1076 1032 Tm.
1106 956 1254 1053 signum
1282 958 1464 1054 fecerunt,

349 1085 420 1160 duo
438 1088 501 1163 vel
528 1093 605 1162 tres
632 1085 889 1181 sagitauerant
916 1083 1134 1180 adoreon,
1164 1090 1202 1160 et
1228 1085 1467 1162 intrauerunt

348 1215 523 1292 Alemani
541 1215 711 1291 libenter.
1300 1201 1303 1211 '

455 1342 507 1418 Et
542 1341 846 1440 archiepiscopus
883 1337 1025 1416 Paulus
1061 1338 1100 1414 in
1127 1337 1187 1414 die
1215 1339 1312 1416 festo
1333 1337 1465 1416 Sancti

348 1469 529 1546 Laurenti
548 1468 710 1544 martiris
729 1466 970 1544 sollenizauit
988 1489 1112 1543 eoram
1140 1466 1392 1544 Ferdinando.
1413 1467 1469 1542 Et

349 1622 418 1675 nos
437 1596 646 1672 audiuimus
665 1618 748 1671 eum
767 1618 811 1671 eo
825 1597 906 1692 jam
923 1595 1003 1670 fore
1029 1595 1227 1694 optimates
1247 1593 1466 1692 Hungaros,

350 1732 482 1824 utputa
510 1722 724 1822 Stephanus
753 1723 889 1819 Baton,
920 1722 1056 1799 Petrus
1085 1721 1211 1818 Primi,
1241 1721 1470 1800 Valentinus

350 1851 525 1948 Therek,
547 1851 715 1928 Thomas
740 1849 915 1926 Nadasti.
938 1849 989 1923 Et
1015 1847 1188 1926 Andreas
1215 1843 1363 1959 (Baton)
1391 1871 1470 1925 non

350 1985 521 2056 eratcum
541 1978 608 2074 eis,
629 1977 752 2054 sedin
770 1977 878 2054 domo
899 1977 1014 2053 Bator
1031 1976 1231 2054 residebat.
1252 1975 1466 2054 RexJoan·

350 2129 418 2184 nes
426 2107 575 2183 tacebat
583 2107 622 2180 in
641 2129 727 2182 arce
746 2105 863 2202 Beda,
885 2105 973 2203 quia
992 2112 1193 2203 antequam
1212 2105 1470 2204 suplicanerat

351 2234 407 2310 eis
432 2233 477 2308 de
506 2231 698 2328 Strigonia
734 2239 771 2307 et
807 2232 853 2306 de
890 2231 1023 2310 'Purlro
1060 2229 1201 2309 Cesare
1237 2231 1470 2308 intellectum

350 2360 534 2457 habebat,
550 2364 630 2459 jam
648 2359 747 2442 sicut
765 2359 945 2457 scriptum
971 2365 1029 2436 est
1056 2359 1095 2434 iu
1123 2349 1321 2459 principio.
1350 2357 1402 2433 Et
1428 2357 1472 2433 in

352 2487 460 2565 Bnda
478 2510 564 2564 aree
584 2493 621 2563 et
648 2487 689 2562 in
717 2485 868 2562 ciuitate
895 2486 1010 2562 tacito
1038 2493 1161 2563 mente
1189 2485 1473 2562 admirabantur

352 2615 397 2690 de
434 2613 540 2710 Rege
576 2613 745 2709 Joanne‚
776 2612 876 2712 quod
904 2614 1047 2690 nullam
1075 2614 1279 2690 mocionem
1307 2611 1354 2688 de
1380 2613 1469 2712 ipso

351 2740 522 2818 viderent
556 2741 699 2838 ulgus,
729 2747 766 2816 et
793 2739 892 2838 quod
915 2742 995 2838 jem
1023 2746 1205 2817 venerant
1233 2740 1273 2816 in
1300 2739 1473 2839 profesto

354 2868 624 2968 assumpcionis
644 2867 764 2946 Marie
783 2867 832 2942 ad
850 2867 973 2942 Zenth
992 2867 1146 2945 Endred
1164 2889 1280 2966 supra
1295 2863 1471 2945 O-Buda.

460 2995 547 3073 Jam
576 2995 621 3070 de
659 2995 765 3072 Buda
801 2993 965 3071 vidimus
1001 2995 1292 3093 fumigacionem
1327 2993 1475 3091 ignium

353 3143 492 3216 eorum,
512 3129 550 3197 et
568 3121 661 3196 dixit
679 3119 852 3198 Andreas
869 3120 1059 3198 litteratus
1079 3120 1471 3198 Transsiluaniensis:

358 3248 541 3346 „Domine
552 3247 647 3344 Rex,
668 3247 757 3346 quid
776 3255 947 3348 spectas,
968 3245 1024 3350 cr.)
1050 3271 1173 3326 nonne
1191 3249 1319 3326 statim
1338 3255 1476 3347 captus

353 3377 430 3454 cris
448 3399 517 3476 per
536 3399 601 3454 eos
621 3375 829 3454 infideles“.
851 3375 926 3453 Sed
950 3375 1122 3454 ioannes
1149 3375 1233 3453 Rex
1262 3373 1476 3453 confidebat

353 3502 605 3605 pereundam
633 3503 813 3579 famulum
840 3525 947 3580 suum
976 3503 1187 3581 Emerieum
1207 3501 1354 3599 cibat,
1381 3501 1476 3600 quia

355 3633 394 3709 in
412 3632 561 3728 multis,
584 3631 746 3710 seruitus
775 3629 897 3710 iverat
924 3632 997 3710 sibi
1024 3657 1048 3709 a
1075 3633 1253 3709 inuentua
1278 3654 1359 3728 sua,
1387 3651 1479 3729 pro·

355 3765 487 3860 pterea
506 3756 716 3835 confidebat
725 3764 815 3858 aput
825 3781 919 3836 eum.
940 3759 992 3835 Et
1001 3759 1120 3837 tribus
1129 3759 1274 3836 vicibus
1290 3757 1477 3858 epistolas

354 3893 440 3986 post
458 3886 581 3984 ipsum
598 3907 667 3985 per
686 3886 963 3986 paralimphum
981 3909 1089 3964 snum
1108 3908 1240 3964 versus
1255 3885 1473 3962 Emerieum

357 4011 483 4091 Oibak
501 4013 550 4090 ad
570 4013 791 4110 adiuuand,
822 4019 859 4090 et
877 4015 1065 4092 scribebat
1083 4015 1209 4092 datum
1233 4013 1273 4090 in
1300 4011 1478 4113 epistolis

356 4141 435 4218 suis
454 4140 502 4215 ad
520 4148 792 4240 competentem
811 4147 849 4218 et
867 4147 1000 4218 cuneta
1018 4147 1234 4240 competens
1253 4137 1477 4216 diesinania

358 4269 572 4345 exalabant.
611 4267 761 4367 Pauper
797 4266 882 4344 Rex
911 4289 980 4344 nos
1007 4267 1228 4344 consulebat
1254 4270 1297 4340 vt
1323 4287 1371 4342 ne
1398 4277 1478 4342 oe-

356 4393 469 4488 mos⁸⁸l
484 4395 709 4494 quiaatatim
728 4395 899 4472 dominus
918 4395 1113 4472 Emericus
1133 4391 1259 4472 Oibak
1278 4415 1348 4468 uos
1366 4397 1475 4469 eruet

359 4523 572 4601 amanibus
591 4521 869 4600 Alemanorum.
890 4521 942 4598 Et
959 4543 1147 4620 nunquam
1157 4515 1365 4621 comparuit
1375 4515 1479 4616 Regi

393 4831 426 4898 ¹*)
445 4827 576 4888 dedbbi
588 4827 643 4888 kda
654 4827 770 4904 jsvltva
790 4831 998 4902 „timeremns“.
