3238 5228
367 489 444 570 322

368 693 582 790 acciperent
609 691 836 766 relacionem
864 689 987 788 prius,
1018 699 1055 766 et
1082 701 1310 790 postremum
1338 705 1375 770 et
1403 697 1500 796 ipse

368 841 494 894 euram
522 825 664 913 ageret.
702 817 752 892 Et
778 823 860 892 erat
881 817 999 916 judici
1036 841 1171 894 nomen
1198 821 1424 918 Vlffangus,
1459 833 1504 896 et

368 954 450 1021 erat
467 946 513 1022 de
533 943 738 1022 Germanic
767 943 1046 1021 Alemanorum.
1076 945 1128 1020 Et
1154 954 1236 1023 erat
1254 948 1366 1024 valde
1396 949 1503 1024 furi·

367 1072 534 1168 hundos,
563 1079 745 1171 reppente
774 1072 935 1148 accessit
963 1073 1011 1148 ati
1036 1071 1244 1170 hospicium
1272 1097 1379 1151 suum
1407 1097 1503 1151 cum

368 1199 531 1276 satrabis
551 1198 650 1294 suis,
672 1203 710 1273 et
729 1197 887 1294 occipite
907 1220 995 1274 ceco
1024 1198 1165 1297 incepit
1182 1199 1362 1276 infestare
1383 1223 1503 1278 suam

368 1324 660 1402 illustrissimam
681 1323 996 1420 dominacionem
1018 1325 1191 1422 quiajam
1209 1332 1296 1424 post
1313 1327 1503 1404 Valenti-

371 1475 457 1528 num
469 1449 855 1549 Tureumparaphnm
874 1452 1114 1547 comitabant‚
1126 1455 1249 1549 etjam
1260 1453 1504 1530 Valentinus

372 1581 667 1678 perlustrauerat
704 1577 851 1654 Tureos
878 1579 917 1653 in
954 1579 1165 1656 custoribus
1192 1579 1293 1676 suis,
1330 1587 1368 1655 et
1395 1580 1506 1656 inter

373 1712 568 1781 montanos
599 1699 700 1780 Siler
731 1727 813 1778 cum
841 1713 952 1801 gente
981 1728 1050 1782 sua
1069 1706 1250 1781 morabot.
1278 1705 1329 1780 Et
1346 1705 1505 1781 Antho-

372 1834 457 1907 nius
475 1829 576 1906 filius
603 1829 868 1925 gubernatoris
896 1829 1095 1930 spopondit
1117 1831 1235 1928 judici
1256 1859 1265 1905 :
1290 1827 1426 1926 „Quod
1447 1833 1504 1907 si-

372 1959 451 2034 lent
469 1957 508 2032 in
527 1977 641 2054 pace,
668 1977 739 2050 ego
767 1955 960 2032 refrenare
978 1955 1066 2032 volo
1086 1945 1188 2035 eos.“
1221 1957 1272 2032 Et
1290 1957 1345 2034 sio
1363 1979 1505 2054 prece-

370 2082 564 2184 perat-eis,
583 2103 632 2157 ne
650 2074 815 2178 aliquam
834 2079 1195 2184 iniurgiamexlilv·
1214 2083 1384 2177 citarent,
1406 2087 1507 2181 quia

371 2213 404 2287 si
432 2208 610 2306 deinceps
644 2207 868 2302 secesserit,
906 2209 1245 2307 capite·plcetitur.
1286 2207 1337 2284 Et
1363 2203 1505 2307 posteo

373 2337 575 2432 siluerant,
598 2341 637 2408 et
655 2333 801 2408 demum
823 2336 1077 2432 juramentum
1104 2335 1271 2412 fecerant
1284 2335 1434 2433 judices
1456 2361 1506 2412 ac

369 2463 486 2563 jurati
514 2460 589 2537 ciui
615 2459 830 2537 ciuitatibus
857 2459 1109 2557 Regiestatis,
1139 2463 1238 2558 quod
1260 2464 1339 2560 jam
1367 2471 1506 2538 essent

374 2590 506 2666 fideles
526 2587 624 2684 Regi
644 2585 797 2664 Joanni.

481 2715 533 2790 Et
551 2713 733 2790 aduersus
761 2713 905 2789 Budam
933 2715 1065 2790 iterum
1094 2715 1212 2791 mouit
1230 2738 1292 2810 se,
1319 2721 1358 2790 et
1373 2716 1415 2790 in
1436 2716 1505 2790 via

375 2865 444 2920 sua
463 2863 588 2916 arcem
617 2837 866 2939 occupauerat
893 2839 965 2918 sibi
995 2839 1209 2942 Anyawa13
1237 2849 1275 2916 et
1287 2843 1398 2938 juxta
1418 2839 1505 2917 Da-

375 2968 529 3045 nubium
549 2966 615 3042 ilni
641 2967 785 3064 egressi
813 2968 962 3043 inerant
990 2967 1038 3043 ad
1067 2967 1221 3043 Batiam.
1252 2965 1363 3059 Quod
1379 2967 1415 3044 si
1435 2989 1505 3043 cu-

377 3094 559 3172 currisset
596 3116 729 3170 versus
755 3093 804 3169 ad
830 3093 968 3171 Albam
1005 3094 1209 3191 Regulam,
1249 3095 1294 3170 dc
1322 3093 1422 3169 vnde
1452 3095 1507 3171 ad

378 3219 629 3320 Vesprimien.
649 3221 688 3294 in
713 3221 988 3320 episcopatum,
1014 3229 1188 3320 potuerat
1215 3223 1289 3298 ista
1316 3221 1389 3298 sibi
1418 3221 1505 3297 adi-

298 3331 303 3340 ’
377 3347 534 3448 pisccre.
563 3345 639 3423 Sed
664 3347 811 3424 demum
840 3348 880 3423 in
909 3347 987 3424 dies
1014 3347 1053 3422 in
1071 3347 1386 3423 effeminacionem
1413 3369 1504 3423 eur-

378 3477 504 3570 rebat,
525 3479 562 3548 et
579 3487 691 3549 nemo'
710 3475 789 3571 jam
814 3477 862 3552 ab
891 3474 973 3573 ipso
999 3473 1175 3570 timebat,
1205 3475 1273 3552 sed
1299 3475 1432 3574 pocius
1463 3477 1504 3552 in

380 3601 547 3678 sodalem
575 3622 725 3677 suorum
754 3601 970 3700 deputabat.
1000 3602 1052 3676 Et
1078 3623 1174 3678 vnus
1193 3601 1405 3678 'Pincianus
1425 3601 1505 3678 Ba·

377 3727 525 3804 liuttich
554 3727 600 3802 de
619 3725 742 3826 Lippa
770 3726 965 3827 epistolam
991 3748 1098 3804 suam
1127 3727 1282 3803 allatam
1302 3727 1349 3802 sd
1368 3751 1507 3806 manus

380 3877 469 3932 suas
489 3877 512 3928 a
531 3851 636 3950 Rege
655 3853 682 3932 J
684 3875 804 3929 oanne
825 3861 906 3930 erat
922 3854 1169 3953 preceptoriu,
1191 3855 1344 3954 capiens
1363 3855 1403 3929 in
1422 3879 1501 3931 ma·

381 4003 451 4057 nus
469 4001 559 4057 suas
578 3979 665 4056 ilico
694 4001 918 4077 conspuen.,
947 3989 985 4056 et
1011 3981 1197 4075 laceram,
1227 3982 1297 4056 sub
1315 3979 1507 4080 ppedibus

381 4107 534 4206 palpan.
563 4115 788 4204 postremum
807 4105 855 4181 ad
873 4107 998 4203 ignem
1018 4107 1238 4204 proiecerat.
1268 4103 1344 4181 Sed
1362 4109 1506 4203 guber·

382 4233 525 4308 naturis
563 4229 682 4310 Gritti
721 4232 920 4330 epistolam
948 4235 1163 4310 metuebant
1191 4233 1438 4320 accolebant
1468 4241 1508 4308 et

382 4357 672 4456 amplexabant,
700 4357 800 4454 qnod
827 4357 971 4433 demum
1006 4357 1202 4435 ¹solumotlo
1227 4359 1508 4458 preceptoriam

383 4506 489 4564 suam
508 4485 654 4562 solicite
682 4483 916 4584 accipiebant
940 4491 1041 4562 totns
1059 4485 1262 4582 regnicoli,
1290 4507 1400 4582 qnam
1419 4507 1508 4586 pre·

385 4611 588 4712 ceptoriam
608 4633 714 4689 suam
734 4609 1034 4708 RegisJoaunis,
1055 4619 1093 4687 et
1111 4632 1257 4709 semper
1267 4609 1402 4688 efficax
1423 4621 1508 4687 erat

388 4736 557 4818 omnibus
568 4737 762 4814 mendacio
772 4759 852 4832 sua,
865 4757 973 4832 quam
982 4735 1223 4832 Regiestatis.
1233 4735 1282 4810 Et
1292 4737 1364 4813 iste
1372 4744 1509 4836 postea
