<?xml version="1.0" encoding="UTF-8"?>
<!DOCTYPE html PUBLIC "-//W3C//DTD XHTML 1.0 Transitional//EN"
    "http://www.w3.org/TR/xhtml1/DTD/xhtml1-transitional.dtd">
<html xmlns="http://www.w3.org/1999/xhtml" xml:lang="en" lang="en">
 <head>
  <title>
</title>
<meta http-equiv="Content-Type" content="text/html;charset=utf-8" />
  <meta name='ocr-system' content='tesseract 3.04.00' />
  <meta name='ocr-capabilities' content='ocr_page ocr_carea ocr_par ocr_line ocrx_word'/>
</head>
<body>
  <div class='ocr_page' id='page_1' title='image "./emlkiratamagyar00wenzgoog_0144.png"; bbox 0 0 3248 5210; ppageno 0'>
   <div class='ocr_carea' id='block_1_1' title="bbox 1150 475 1203 556">
    <p class='ocr_par' dir='ltr' id='par_1_1' title="bbox 1150 475 1203 556">
     <span class='ocr_line' id='line_1_1' title="bbox 1150 475 1203 556; baseline 0 0"><span class='ocrx_word' id='word_1_1' title='bbox 1150 475 1203 556; x_wconf 71' lang='lat' dir='ltr'><strong>di</strong></span> 
     </span>
    </p>
   </div>
   <div class='ocr_carea' id='block_1_2' title="bbox 12 633 1204 894">
    <p class='ocr_par' dir='ltr' id='par_1_2' title="bbox 12 633 1204 894">
     <span class='ocr_line' id='line_1_2' title="bbox 12 633 1203 772; baseline 0.004 -26"><span class='ocrx_word' id='word_1_2' title='bbox 12 633 14 736; x_wconf 75' lang='lat' dir='ltr'><strong>d</strong></span> <span class='ocrx_word' id='word_1_3' title='bbox 112 665 212 764; x_wconf 77' lang='lat' dir='ltr'><strong>luter3</strong></span> <span class='ocrx_word' id='word_1_4' title='bbox 228 679 265 746; x_wconf 88' lang='lat' dir='ltr'><strong>et</strong></span> <span class='ocrx_word' id='word_1_5' title='bbox 288 667 1025 772; x_wconf 85' lang='lat' dir='ltr'><strong>Pesticnsesdederunttricentapedites,</strong></span> <span class='ocrx_word' id='word_1_6' title='bbox 1045 671 1203 750; x_wconf 82' lang='lat' dir='ltr'><strong>tricenta</strong></span> 
     </span>
     <span class='ocr_line' id='line_1_3' title="bbox 113 795 1204 894; baseline 0.004 -22"><span class='ocrx_word' id='word_1_7' title='bbox 113 795 294 873; x_wconf 76' lang='lat' dir='ltr'><strong>Bidenses.</strong></span> <span class='ocrx_word' id='word_1_8' title='bbox 323 796 449 874; x_wconf 82' lang='lat' dir='ltr'><strong>Judex</strong></span> <span class='ocrx_word' id='word_1_9' title='bbox 467 796 652 874; x_wconf 88' lang='lat' dir='ltr'><strong>Budensis</strong></span> <span class='ocrx_word' id='word_1_10' title='bbox 671 797 698 875; x_wconf 87' lang='lat' dir='ltr'>J</span> <span class='ocrx_word' id='word_1_11' title='bbox 699 821 840 876; x_wconf 87' lang='lat' dir='ltr'><strong>oannes</strong></span> <span class='ocrx_word' id='word_1_12' title='bbox 859 798 1029 894; x_wconf 79' lang='lat' dir='ltr'><strong>Herber3</strong></span> <span class='ocrx_word' id='word_1_13' title='bbox 1049 807 1088 875; x_wconf 90' lang='lat' dir='ltr'><strong>et</strong></span> <span class='ocrx_word' id='word_1_14' title='bbox 1105 799 1204 876; x_wconf 85' lang='lat' dir='ltr'><strong>inira</strong></span> 
     </span>
    </p>
   </div>
   <div class='ocr_carea' id='block_1_3' title="bbox 12 922 1207 1674">
    <p class='ocr_par' dir='ltr' id='par_1_3' title="bbox 12 922 1207 1674">
     <span class='ocr_line' id='line_1_4' title="bbox 112 922 1203 1020; baseline 0.001 -20"><span class='ocrx_word' id='word_1_15' title='bbox 112 922 233 1020; x_wconf 78' lang='lat' dir='ltr'>pedites</span> <span class='ocrx_word' id='word_1_16' title='bbox 251 923 435 1000; x_wconf 87' lang='lat' dir='ltr'><strong>duxerunt</strong></span> <span class='ocrx_word' id='word_1_17' title='bbox 453 924 501 1000; x_wconf 90' lang='lat' dir='ltr'><strong>ad</strong></span> <span class='ocrx_word' id='word_1_18' title='bbox 517 924 691 1015; x_wconf 83' lang='lat' dir='ltr'><strong>bestiam,</strong></span> <span class='ocrx_word' id='word_1_19' title='bbox 712 933 750 1001; x_wconf 88' lang='lat' dir='ltr'><strong>et.</strong></span> <span class='ocrx_word' id='word_1_20' title='bbox 768 926 983 1006; x_wconf 86' lang='lat' dir='ltr'><strong>Pestienses</strong></span> <span class='ocrx_word' id='word_1_21' title='bbox 997 923 1203 1002; x_wconf 76' lang='lat' dir='ltr'><strong>admodum</strong></span> 
     </span>
     <span class='ocr_line' id='line_1_5' title="bbox 111 1049 1203 1144; baseline 0.003 -20"><span class='ocrx_word' id='word_1_22' title='bbox 111 1049 367 1144; x_wconf 85' lang='lat' dir='ltr'><strong>colloceueruut</strong></span> <span class='ocrx_word' id='word_1_23' title='bbox 392 1050 441 1126; x_wconf 87' lang='lat' dir='ltr'><strong>ad</strong></span> <span class='ocrx_word' id='word_1_24' title='bbox 467 1051 629 1128; x_wconf 82' lang='lat' dir='ltr'><strong>bustiam</strong></span> <span class='ocrx_word' id='word_1_25' title='bbox 656 1051 694 1125; x_wconf 93' lang='lat' dir='ltr'><strong>in</strong></span> <span class='ocrx_word' id='word_1_26' title='bbox 714 1074 857 1128; x_wconf 87' lang='lat' dir='ltr'><strong>summa</strong></span> <span class='ocrx_word' id='word_1_27' title='bbox 881 1061 1059 1130; x_wconf 77' lang='lat' dir='ltr'><strong>sexcenta</strong></span> <span class='ocrx_word' id='word_1_28' title='bbox 1084 1051 1203 1130; x_wconf 88' lang='lat' dir='ltr'><strong>homi·</strong></span> 
     </span>
     <span class='ocr_line' id='line_1_6' title="bbox 113 1176 1203 1279; baseline 0.004 -29"><span class='ocrx_word' id='word_1_29' title='bbox 113 1199 194 1252; x_wconf 91' lang='lat' dir='ltr'><strong>num.</strong></span> <span class='ocrx_word' id='word_1_30' title='bbox 222 1176 273 1252; x_wconf 88' lang='lat' dir='ltr'><strong>Et</strong></span> <span class='ocrx_word' id='word_1_31' title='bbox 291 1177 511 1274; x_wconf 85' lang='lat' dir='ltr'><strong>magnificus</strong></span> <span class='ocrx_word' id='word_1_32' title='bbox 538 1176 710 1254; x_wconf 78' lang='lat' dir='ltr'>Andreas</span> <span class='ocrx_word' id='word_1_33' title='bbox 737 1178 928 1256; x_wconf 87' lang='lat' dir='ltr'><strong>descendit</strong></span> <span class='ocrx_word' id='word_1_34' title='bbox 956 1181 1005 1256; x_wconf 88' lang='lat' dir='ltr'><strong>ad</strong></span> <span class='ocrx_word' id='word_1_35' title='bbox 1022 1183 1203 1279; x_wconf 87' lang='lat' dir='ltr'><strong>majorem</strong></span> 
     </span>
     <span class='ocr_line' id='line_1_7' title="bbox 12 1304 1203 1420; baseline 0.003 -42"><span class='ocrx_word' id='word_1_36' title='bbox 12 1393 13 1420; x_wconf 23' lang='grc' dir='ltr'><strong><em>Ν</em></strong></span> <span class='ocrx_word' id='word_1_37' title='bbox 112 1304 252 1378; x_wconf 63' lang='lat' dir='ltr'><strong>tatium</strong></span> <span class='ocrx_word' id='word_1_38' title='bbox 270 1326 353 1380; x_wconf 93' lang='lat' dir='ltr'><strong>cum</strong></span> <span class='ocrx_word' id='word_1_39' title='bbox 371 1327 444 1381; x_wconf 86' lang='lat' dir='ltr'><strong>vno</strong></span> <span class='ocrx_word' id='word_1_40' title='bbox 463 1326 558 1401; x_wconf 89' lang='lat' dir='ltr'><strong>equo</strong></span> <span class='ocrx_word' id='word_1_41' title='bbox 577 1311 615 1382; x_wconf 90' lang='lat' dir='ltr'><strong>et</strong></span> <span class='ocrx_word' id='word_1_42' title='bbox 632 1305 785 1401; x_wconf 90' lang='lat' dir='ltr'><strong>ingenia</strong></span> <span class='ocrx_word' id='word_1_43' title='bbox 803 1330 873 1384; x_wconf 88' lang='lat' dir='ltr'><strong>sua</strong></span> <span class='ocrx_word' id='word_1_44' title='bbox 890 1310 992 1384; x_wconf 92' lang='lat' dir='ltr'><strong>bona</strong></span> <span class='ocrx_word' id='word_1_45' title='bbox 1009 1308 1108 1384; x_wconf 90' lang='lat' dir='ltr'><strong>intro</strong></span> <span class='ocrx_word' id='word_1_46' title='bbox 1127 1307 1203 1382; x_wconf 91' lang='lat' dir='ltr'><strong>col·</strong></span> 
     </span>
     <span class='ocr_line' id='line_1_8' title="bbox 12 1425 1205 1531; baseline 0.008 -30"><span class='ocrx_word' id='word_1_47' title='bbox 12 1425 13 1434; x_wconf 69' lang='lat'>&#39;</span> <span class='ocrx_word' id='word_1_48' title='bbox 113 1429 219 1506; x_wconf 86' lang='lat' dir='ltr'><strong>locare</strong></span> <span class='ocrx_word' id='word_1_49' title='bbox 245 1431 433 1531; x_wconf 79' lang='lat' dir='ltr'>precepit,</span> <span class='ocrx_word' id='word_1_50' title='bbox 463 1439 500 1506; x_wconf 87' lang='lat' dir='ltr'><strong>et</strong></span> <span class='ocrx_word' id='word_1_51' title='bbox 518 1454 576 1507; x_wconf 89' lang='lat' dir='ltr'><strong>mc</strong></span> <span class='ocrx_word' id='word_1_52' title='bbox 604 1431 708 1510; x_wconf 89' lang='lat' dir='ltr'><strong>visus</strong></span> <span class='ocrx_word' id='word_1_53' title='bbox 735 1440 836 1530; x_wconf 86' lang='lat' dir='ltr'><strong>erut,</strong></span> <span class='ocrx_word' id='word_1_54' title='bbox 867 1434 964 1530; x_wconf 90' lang='lat' dir='ltr'><strong>quod</strong></span> <span class='ocrx_word' id='word_1_55' title='bbox 988 1435 1041 1511; x_wconf 91' lang='lat' dir='ltr'><strong>ibi</strong></span> <span class='ocrx_word' id='word_1_56' title='bbox 1059 1437 1205 1512; x_wconf 75' lang='lat' dir='ltr'><strong>mabam</strong></span> 
     </span>
     <span class='ocr_line' id='line_1_9' title="bbox 12 1543 1207 1674; baseline 0.003 -40"><span class='ocrx_word' id='word_1_57' title='bbox 12 1543 14 1674; x_wconf 58' lang='lat' dir='ltr'><strong>i</strong></span> <span class='ocrx_word' id='word_1_58' title='bbox 115 1554 321 1634; x_wconf 76' lang='lat' dir='ltr'><strong>tdmirundo.</strong></span> <span class='ocrx_word' id='word_1_59' title='bbox 350 1557 484 1634; x_wconf 81' lang='lat' dir='ltr'><strong>Dixit:</strong></span> <span class='ocrx_word' id='word_1_60' title='bbox 509 1557 632 1656; x_wconf 82' lang='lat' dir='ltr'><strong>,Quid</strong></span> <span class='ocrx_word' id='word_1_61' title='bbox 649 1559 702 1635; x_wconf 94' lang='lat' dir='ltr'><strong>ibi</strong></span> <span class='ocrx_word' id='word_1_62' title='bbox 721 1559 840 1636; x_wconf 93' lang='lat' dir='ltr'><strong>ocium</strong></span> <span class='ocrx_word' id='word_1_63' title='bbox 866 1559 1006 1658; x_wconf 80' lang='lat' dir='ltr'><strong>habes3</strong></span> <span class='ocrx_word' id='word_1_64' title='bbox 1030 1585 1117 1639; x_wconf 90' lang='lat' dir='ltr'><strong>ecce</strong></span> <span class='ocrx_word' id='word_1_65' title='bbox 1134 1585 1207 1658; x_wconf 87' lang='lat' dir='ltr'><strong>ego</strong></span> 
     </span>
    </p>
   </div>
   <div class='ocr_carea' id='block_1_4' title="bbox 12 1679 1313 4920">
    <p class='ocr_par' dir='ltr' id='par_1_4' title="bbox 12 1679 1207 1787">
     <span class='ocr_line' id='line_1_10' title="bbox 12 1679 1207 1787; baseline 0.008 -33"><span class='ocrx_word' id='word_1_66' title='bbox 12 1679 14 1772; x_wconf 62' lang='lat' dir='ltr'><strong>i</strong></span> <span class='ocrx_word' id='word_1_67' title='bbox 115 1679 206 1760; x_wconf 81' lang='lat' dir='ltr'><strong>hodie</strong></span> <span class='ocrx_word' id='word_1_68' title='bbox 222 1685 292 1763; x_wconf 89' lang='lat' dir='ltr'><strong>tibi</strong></span> <span class='ocrx_word' id='word_1_69' title='bbox 311 1685 561 1762; x_wconf 79' lang='lat' dir='ltr'><strong>centurionem</strong></span> <span class='ocrx_word' id='word_1_70' title='bbox 586 1685 683 1764; x_wconf 90' lang='lat' dir='ltr'><strong>dabo</strong></span> <span class='ocrx_word' id='word_1_71' title='bbox 703 1693 789 1763; x_wconf 90' lang='lat' dir='ltr'><strong>ante</strong></span> <span class='ocrx_word' id='word_1_72' title='bbox 817 1695 964 1764; x_wconf 90' lang='lat' dir='ltr'><strong>centum</strong></span> <span class='ocrx_word' id='word_1_73' title='bbox 983 1688 1149 1787; x_wconf 86' lang='lat' dir='ltr'><strong>pedites,</strong></span> <span class='ocrx_word' id='word_1_74' title='bbox 1169 1697 1207 1764; x_wconf 86' lang='lat' dir='ltr'><strong>et</strong></span> 
     </span>
    </p>

    <p class='ocr_par' dir='ltr' id='par_1_5' title="bbox 12 1811 1207 1911">
     <span class='ocr_line' id='line_1_11' title="bbox 12 1811 1207 1911; baseline 0.002 -23"><span class='ocrx_word' id='word_1_75' title='bbox 12 1825 13 1828; x_wconf 67' lang='lat'>‘</span> <span class='ocrx_word' id='word_1_76' title='bbox 119 1812 294 1906; x_wconf 83' lang='lat' dir='ltr'><strong>pecuniam</strong></span> <span class='ocrx_word' id='word_1_77' title='bbox 311 1811 478 1911; x_wconf 88' lang='lat' dir='ltr'><strong>accipias</strong></span> <span class='ocrx_word' id='word_1_78' title='bbox 487 1813 740 1890; x_wconf 86' lang='lat' dir='ltr'><strong>lunaciones.“</strong></span> <span class='ocrx_word' id='word_1_79' title='bbox 754 1812 864 1906; x_wconf 83' lang='lat' dir='ltr'><strong>Quod</strong></span> <span class='ocrx_word' id='word_1_80' title='bbox 872 1837 943 1910; x_wconf 86' lang='lat' dir='ltr'><strong>ego</strong></span> <span class='ocrx_word' id='word_1_81' title='bbox 954 1814 1090 1910; x_wconf 88' lang='lat' dir='ltr'><strong>audiui,</strong></span> <span class='ocrx_word' id='word_1_82' title='bbox 1110 1815 1207 1890; x_wconf 83' lang='lat' dir='ltr'><strong>diri:</strong></span> 
     </span>
    </p>

    <p class='ocr_par' dir='ltr' id='par_1_6' title="bbox 12 1935 1208 2422">
     <span class='ocr_line' id='line_1_12' title="bbox 12 1935 1207 2050; baseline 0 -36"><span class='ocrx_word' id='word_1_83' title='bbox 12 1989 13 2050; x_wconf 68' lang='lat'>3</span> <span class='ocrx_word' id='word_1_84' title='bbox 119 1935 310 2034; x_wconf 62' lang='lat' dir='ltr'><strong>,huenen</strong></span> <span class='ocrx_word' id='word_1_85' title='bbox 330 1938 527 2036; x_wconf 87' lang='lat' dir='ltr'><strong>magnifice</strong></span> <span class='ocrx_word' id='word_1_86' title='bbox 546 1939 704 2036; x_wconf 90' lang='lat' dir='ltr'><strong>domine,</strong></span> <span class='ocrx_word' id='word_1_87' title='bbox 724 1947 893 2040; x_wconf 89' lang='lat' dir='ltr'><strong>promtus</strong></span> <span class='ocrx_word' id='word_1_88' title='bbox 910 1963 993 2018; x_wconf 91' lang='lat' dir='ltr'><strong>sum</strong></span> <span class='ocrx_word' id='word_1_89' title='bbox 1011 1948 1132 2017; x_wconf 91' lang='lat' dir='ltr'><strong>tecum</strong></span> <span class='ocrx_word' id='word_1_90' title='bbox 1151 1941 1207 2018; x_wconf 88' lang='lat' dir='ltr'><strong>ire</strong></span> 
     </span>
     <span class='ocr_line' id='line_1_13' title="bbox 115 2066 1206 2164; baseline 0.001 -23"><span class='ocrx_word' id='word_1_91' title='bbox 115 2066 279 2164; x_wconf 78' lang='lat' dir='ltr'><strong>usquead</strong></span> <span class='ocrx_word' id='word_1_92' title='bbox 297 2073 473 2163; x_wconf 81' lang='lat' dir='ltr'><strong>mortem3</strong></span> <span class='ocrx_word' id='word_1_93' title='bbox 493 2074 531 2143; x_wconf 89' lang='lat' dir='ltr'><strong>et</strong></span> <span class='ocrx_word' id='word_1_94' title='bbox 548 2068 601 2144; x_wconf 86' lang='lat' dir='ltr'><strong>sis</strong></span> <span class='ocrx_word' id='word_1_95' title='bbox 626 2089 709 2142; x_wconf 90' lang='lat' dir='ltr'><strong>cum</strong></span> <span class='ocrx_word' id='word_1_96' title='bbox 737 2067 962 2145; x_wconf 89' lang='lat' dir='ltr'><strong>indumentis</strong></span> <span class='ocrx_word' id='word_1_97' title='bbox 986 2068 1105 2144; x_wconf 90' lang='lat' dir='ltr'><strong>sacris</strong></span> <span class='ocrx_word' id='word_1_98' title='bbox 1124 2083 1206 2144; x_wconf 88' lang='lat' dir='ltr'><strong>cum</strong></span> 
     </span>
     <span class='ocr_line' id='line_1_14' title="bbox 114 2193 1208 2294; baseline 0.002 -26"><span class='ocrx_word' id='word_1_99' title='bbox 114 2193 233 2269; x_wconf 78' lang='lat' dir='ltr'><strong>viatico</strong></span> <span class='ocrx_word' id='word_1_100' title='bbox 250 2193 300 2269; x_wconf 89' lang='lat' dir='ltr'><strong>ad</strong></span> <span class='ocrx_word' id='word_1_101' title='bbox 316 2193 407 2289; x_wconf 84' lang='lat' dir='ltr'><strong>iter,</strong></span> <span class='ocrx_word' id='word_1_102' title='bbox 429 2194 518 2292; x_wconf 88' lang='lat' dir='ltr'><strong>quia</strong></span> <span class='ocrx_word' id='word_1_103' title='bbox 536 2217 606 2290; x_wconf 85' lang='lat' dir='ltr'><strong>ego</strong></span> <span class='ocrx_word' id='word_1_104' title='bbox 625 2195 706 2272; x_wconf 92' lang='lat' dir='ltr'><strong>sine</strong></span> <span class='ocrx_word' id='word_1_105' title='bbox 719 2195 842 2272; x_wconf 55' lang='lat' dir='ltr'><strong>amissa</strong></span> <span class='ocrx_word' id='word_1_106' title='bbox 859 2218 934 2272; x_wconf 92' lang='lat' dir='ltr'><strong>uon</strong></span> <span class='ocrx_word' id='word_1_107' title='bbox 952 2216 1105 2294; x_wconf 87' lang='lat' dir='ltr'><strong>possum</strong></span> <span class='ocrx_word' id='word_1_108' title='bbox 1124 2217 1208 2272; x_wconf 87' lang='lat' dir='ltr'><strong>esse</strong></span> 
     </span>
     <span class='ocr_line' id='line_1_15' title="bbox 112 2321 1207 2422; baseline 0.004 -28"><span class='ocrx_word' id='word_1_109' title='bbox 112 2321 366 2419; x_wconf 72' lang='lat' dir='ltr'><strong>nequaquam.“</strong></span> <span class='ocrx_word' id='word_1_110' title='bbox 398 2321 450 2396; x_wconf 88' lang='lat' dir='ltr'><strong>Et</strong></span> <span class='ocrx_word' id='word_1_111' title='bbox 467 2321 522 2398; x_wconf 87' lang='lat' dir='ltr'><strong>sic</strong></span> <span class='ocrx_word' id='word_1_112' title='bbox 539 2322 741 2421; x_wconf 85' lang='lat' dir='ltr'><strong>preparcui</strong></span> <span class='ocrx_word' id='word_1_113' title='bbox 758 2331 824 2396; x_wconf 75' lang='lat' dir='ltr'><strong>‘mc</strong></span> <span class='ocrx_word' id='word_1_114' title='bbox 843 2322 987 2422; x_wconf 88' lang='lat' dir='ltr'><strong>ipsum,</strong></span> <span class='ocrx_word' id='word_1_115' title='bbox 1013 2327 1051 2396; x_wconf 90' lang='lat' dir='ltr'><strong>ct</strong></span> <span class='ocrx_word' id='word_1_116' title='bbox 1077 2321 1207 2398; x_wconf 89' lang='lat' dir='ltr'><strong>hilari·</strong></span> 
     </span>
    </p>

    <p class='ocr_par' dir='ltr' id='par_1_7' title="bbox 12 2445 1208 2548">
     <span class='ocr_line' id='line_1_16' title="bbox 12 2445 1208 2548; baseline 0.003 -28"><span class='ocrx_word' id='word_1_117' title='bbox 12 2533 13 2536; x_wconf 4' lang='grc' dir='ltr'><strong><em>Ν</em></strong></span> <span class='ocrx_word' id='word_1_118' title='bbox 111 2455 159 2522; x_wconf 87' lang='lat' dir='ltr'><strong>ter</strong></span> <span class='ocrx_word' id='word_1_119' title='bbox 175 2445 264 2548; x_wconf 48' lang='grc' dir='ltr'><strong>Ἢν·</strong></span> <span class='ocrx_word' id='word_1_120' title='bbox 294 2448 461 2545; x_wconf 89' lang='lat' dir='ltr'><strong>equitaui</strong></span> <span class='ocrx_word' id='word_1_121' title='bbox 480 2471 562 2522; x_wconf 92' lang='lat' dir='ltr'><strong>cum</strong></span> <span class='ocrx_word' id='word_1_122' title='bbox 581 2469 647 2544; x_wconf 90' lang='lat' dir='ltr'><strong>eo;</strong></span> <span class='ocrx_word' id='word_1_123' title='bbox 676 2455 714 2522; x_wconf 89' lang='lat' dir='ltr'><strong>et</strong></span> <span class='ocrx_word' id='word_1_124' title='bbox 732 2471 865 2524; x_wconf 91' lang='lat' dir='ltr'><strong>nomen</strong></span> <span class='ocrx_word' id='word_1_125' title='bbox 892 2447 1024 2526; x_wconf 85' lang='lat' dir='ltr'><strong>Jcsum</strong></span> <span class='ocrx_word' id='word_1_126' title='bbox 1051 2447 1208 2547; x_wconf 89' lang='lat' dir='ltr'><strong>tripiici-</strong></span> 
     </span>
    </p>

    <p class='ocr_par' dir='ltr' id='par_1_8' title="bbox 12 2555 1208 2674">
     <span class='ocr_line' id='line_1_17' title="bbox 12 2555 1208 2674; baseline 0 -26"><span class='ocrx_word' id='word_1_127' title='bbox 12 2555 14 2622; x_wconf 65' lang='lat' dir='ltr'><strong>i</strong></span> <span class='ocrx_word' id='word_1_128' title='bbox 112 2583 159 2648; x_wconf 83' lang='lat' dir='ltr'><strong>ter</strong></span> <span class='ocrx_word' id='word_1_129' title='bbox 177 2575 437 2670; x_wconf 84' lang='lat' dir='ltr'><strong>clamauimua,</strong></span> <span class='ocrx_word' id='word_1_130' title='bbox 458 2583 495 2650; x_wconf 90' lang='lat' dir='ltr'><strong>ct</strong></span> <span class='ocrx_word' id='word_1_131' title='bbox 512 2574 661 2670; x_wconf 88' lang='lat' dir='ltr'><strong>Regina</strong></span> <span class='ocrx_word' id='word_1_132' title='bbox 679 2575 905 2674; x_wconf 78' lang='lat' dir='ltr'><strong>respiciebat</strong></span> <span class='ocrx_word' id='word_1_133' title='bbox 921 2598 989 2674; x_wconf 90' lang='lat' dir='ltr'><strong>per</strong></span> <span class='ocrx_word' id='word_1_134' title='bbox 1007 2575 1208 2668; x_wconf 71' lang='lat' dir='ltr'><strong>fenestram</strong></span> 
     </span>
    </p>

    <p class='ocr_par' dir='ltr' id='par_1_9' title="bbox 13 2699 1313 4915">
     <span class='ocr_line' id='line_1_18' title="bbox 13 2699 1207 2801; baseline -0.006 -21"><span class='ocrx_word' id='word_1_135' title='bbox 13 2757 14 2780; x_wconf 47' lang='lat' dir='ltr'><strong>r</strong></span> <span class='ocrx_word' id='word_1_136' title='bbox 113 2721 183 2776; x_wconf 86' lang='lat' dir='ltr'><strong>curn</strong></span> <span class='ocrx_word' id='word_1_137' title='bbox 209 2701 434 2801; x_wconf 86' lang='lat' dir='ltr'><strong>pedisequis.</strong></span> <span class='ocrx_word' id='word_1_138' title='bbox 473 2702 524 2778; x_wconf 88' lang='lat' dir='ltr'><strong>Et</strong></span> <span class='ocrx_word' id='word_1_139' title='bbox 556 2724 639 2778; x_wconf 91' lang='lat' dir='ltr'><strong>cum</strong></span> <span class='ocrx_word' id='word_1_140' title='bbox 676 2702 847 2778; x_wconf 88' lang='lat' dir='ltr'><strong>venimus</strong></span> <span class='ocrx_word' id='word_1_141' title='bbox 875 2701 924 2776; x_wconf 89' lang='lat' dir='ltr'><strong>ad</strong></span> <span class='ocrx_word' id='word_1_142' title='bbox 951 2701 1106 2796; x_wconf 74' lang='lat' dir='ltr'><strong>Butam,</strong></span> <span class='ocrx_word' id='word_1_143' title='bbox 1143 2699 1207 2776; x_wconf 82' lang='lat' dir='ltr'><strong>vbi</strong></span> 
     </span>
     <span class='ocr_line' id='line_1_19' title="bbox 112 2826 1208 2928; baseline 0.002 -28"><span class='ocrx_word' id='word_1_144' title='bbox 112 2837 326 2928; x_wconf 79' lang='lat' dir='ltr'><strong>apparuerat</strong></span> <span class='ocrx_word' id='word_1_145' title='bbox 344 2831 539 2926; x_wconf 79' lang='lat' dir='ltr'><strong>sanguinis</strong></span> <span class='ocrx_word' id='word_1_146' title='bbox 558 2829 711 2905; x_wconf 91' lang='lat' dir='ltr'><strong>Domini</strong></span> <span class='ocrx_word' id='word_1_147' title='bbox 729 2829 848 2906; x_wconf 81' lang='lat' dir='ltr'><strong>nostri</strong></span> <span class='ocrx_word' id='word_1_148' title='bbox 865 2827 960 2906; x_wconf 81' lang='lat' dir='ltr'><strong>Jesu</strong></span> <span class='ocrx_word' id='word_1_149' title='bbox 980 2826 1132 2923; x_wconf 80' lang='lat' dir='ltr'><strong>Christi,</strong></span> <span class='ocrx_word' id='word_1_150' title='bbox 1144 2827 1208 2902; x_wconf 87' lang='lat' dir='ltr'><strong>do-</strong></span> 
     </span>
     <span class='ocr_line' id='line_1_20' title="bbox 113 2952 1210 3058; baseline -0.001 -27"><span class='ocrx_word' id='word_1_151' title='bbox 113 2955 222 3032; x_wconf 85' lang='lat' dir='ltr'><strong>minus</strong></span> <span class='ocrx_word' id='word_1_152' title='bbox 239 2979 343 3034; x_wconf 89' lang='lat' dir='ltr'><strong>meus</strong></span> <span class='ocrx_word' id='word_1_153' title='bbox 362 2957 582 3058; x_wconf 89' lang='lat' dir='ltr'><strong>capitaneus</strong></span> <span class='ocrx_word' id='word_1_154' title='bbox 610 2954 782 3031; x_wconf 81' lang='lat' dir='ltr'><strong>Andreas</strong></span> <span class='ocrx_word' id='word_1_155' title='bbox 809 2953 926 3029; x_wconf 81' lang='lat' dir='ltr'><strong>Baton</strong></span> <span class='ocrx_word' id='word_1_156' title='bbox 943 2954 1012 3031; x_wconf 91' lang='lat' dir='ltr'><strong>iuit</strong></span> <span class='ocrx_word' id='word_1_157' title='bbox 1029 2952 1210 3030; x_wconf 86' lang='lat' dir='ltr'><strong>aduersus</strong></span> 
     </span>
     <span class='ocr_line' id='line_1_21' title="bbox 113 3079 1313 3180; baseline 0 -21"><span class='ocrx_word' id='word_1_158' title='bbox 113 3083 339 3180; x_wconf 78' lang='lat' dir='ltr'><strong>sunguinem,</strong></span> <span class='ocrx_word' id='word_1_159' title='bbox 359 3105 450 3160; x_wconf 85' lang='lat' dir='ltr'><strong>crux</strong></span> <span class='ocrx_word' id='word_1_160' title='bbox 469 3083 787 3180; x_wconf 76' lang='lat' dir='ltr'><strong>indulgentiarum</strong></span> <span class='ocrx_word' id='word_1_161' title='bbox 813 3103 986 3178; x_wconf 86' lang='lat' dir='ltr'><strong>sequere,</strong></span> <span class='ocrx_word' id='word_1_162' title='bbox 1012 3087 1050 3156; x_wconf 89' lang='lat' dir='ltr'><strong>ct</strong></span> <span class='ocrx_word' id='word_1_163' title='bbox 1066 3079 1210 3177; x_wconf 83' lang='lat' dir='ltr'><strong>Regem</strong></span> <span class='ocrx_word' id='word_1_164' title='bbox 1308 3151 1313 3159; x_wconf 85' lang='lat'><em>.</em></span> 
     </span>
     <span class='ocr_line' id='line_1_22' title="bbox 114 3204 1211 3311; baseline 0.002 -29"><span class='ocrx_word' id='word_1_165' title='bbox 114 3204 329 3288; x_wconf 88' lang='lat' dir='ltr'><strong>Ludouieum</strong></span> <span class='ocrx_word' id='word_1_166' title='bbox 347 3219 567 3311; x_wconf 85' lang='lat' dir='ltr'><strong>exspectare</strong></span> <span class='ocrx_word' id='word_1_167' title='bbox 576 3212 639 3288; x_wconf 92' lang='lat' dir='ltr'><strong>ibi.</strong></span> <span class='ocrx_word' id='word_1_168' title='bbox 652 3211 704 3284; x_wconf 89' lang='lat' dir='ltr'><strong>Et</strong></span> <span class='ocrx_word' id='word_1_169' title='bbox 712 3233 770 3286; x_wconf 92' lang='lat' dir='ltr'><strong>me</strong></span> <span class='ocrx_word' id='word_1_170' title='bbox 787 3209 1107 3308; x_wconf 88' lang='lat' dir='ltr'><strong>vicecapitaneum</strong></span> <span class='ocrx_word' id='word_1_171' title='bbox 1126 3231 1211 3307; x_wconf 89' lang='lat' dir='ltr'><strong>pre·</strong></span> 
     </span>
     <span class='ocr_line' id='line_1_23' title="bbox 114 3337 1211 3438; baseline -0.003 -25"><span class='ocrx_word' id='word_1_172' title='bbox 114 3338 261 3436; x_wconf 82' lang='lat' dir='ltr'><strong>cepisse,</strong></span> <span class='ocrx_word' id='word_1_173' title='bbox 282 3363 394 3438; x_wconf 89' lang='lat' dir='ltr'><strong>quum</strong></span> <span class='ocrx_word' id='word_1_174' title='bbox 415 3341 453 3416; x_wconf 94' lang='lat' dir='ltr'><strong>in</strong></span> <span class='ocrx_word' id='word_1_175' title='bbox 472 3341 615 3418; x_wconf 90' lang='lat' dir='ltr'><strong>duobus</strong></span> <span class='ocrx_word' id='word_1_176' title='bbox 634 3337 765 3414; x_wconf 89' lang='lat' dir='ltr'><strong>diebus</strong></span> <span class='ocrx_word' id='word_1_177' title='bbox 784 3337 1031 3432; x_wconf 84' lang='lat' dir='ltr'><strong>tardauisset,</strong></span> <span class='ocrx_word' id='word_1_178' title='bbox 1051 3337 1211 3412; x_wconf 82' lang='lat' dir='ltr'><strong>admiru-</strong></span> 
     </span>
     <span class='ocr_line' id='line_1_24' title="bbox 113 3463 1291 3570; baseline -0.006 -31"><span class='ocrx_word' id='word_1_179' title='bbox 113 3463 230 3542; x_wconf 79' lang='lat' dir='ltr'><strong>bumur</strong></span> <span class='ocrx_word' id='word_1_180' title='bbox 257 3464 506 3570; x_wconf 89' lang='lat' dir='ltr'><strong>(de)curiones</strong></span> <span class='ocrx_word' id='word_1_181' title='bbox 534 3467 708 3544; x_wconf 89' lang='lat' dir='ltr'><strong>virorum.</strong></span> <span class='ocrx_word' id='word_1_182' title='bbox 737 3463 799 3540; x_wconf 88' lang='lat' dir='ltr'><strong>Ad</strong></span> <span class='ocrx_word' id='word_1_183' title='bbox 825 3487 883 3540; x_wconf 90' lang='lat' dir='ltr'><strong>me</strong></span> <span class='ocrx_word' id='word_1_184' title='bbox 911 3469 1149 3540; x_wconf 90' lang='lat' dir='ltr'><strong>accesserunt</strong></span> <span class='ocrx_word' id='word_1_185' title='bbox 1174 3469 1212 3537; x_wconf 90' lang='lat' dir='ltr'><strong>et</strong></span> <span class='ocrx_word' id='word_1_186' title='bbox 1284 3513 1291 3532; x_wconf 92' lang='lat'><strong>.</strong></span> 
     </span>
     <span class='ocr_line' id='line_1_25' title="bbox 115 3589 1210 3692; baseline -0.005 -23"><span class='ocrx_word' id='word_1_187' title='bbox 115 3589 301 3670; x_wconf 85' lang='lat' dir='ltr'><strong>dixerunt:</strong></span> <span class='ocrx_word' id='word_1_188' title='bbox 327 3593 541 3692; x_wconf 82' lang='lat' dir='ltr'><strong>„Rogamus</strong></span> <span class='ocrx_word' id='word_1_189' title='bbox 572 3602 736 3671; x_wconf 86' lang='lat' dir='ltr'><strong>vestram</strong></span> <span class='ocrx_word' id='word_1_190' title='bbox 755 3591 1070 3686; x_wconf 85' lang='lat' dir='ltr'><strong>dominacionem,</strong></span> <span class='ocrx_word' id='word_1_191' title='bbox 1091 3597 1131 3664; x_wconf 89' lang='lat' dir='ltr'><strong>vt</strong></span> <span class='ocrx_word' id='word_1_192' title='bbox 1149 3612 1210 3664; x_wconf 90' lang='lat' dir='ltr'><strong>ac-</strong></span> 
     </span>
     <span class='ocr_line' id='line_1_26' title="bbox 115 3714 1212 3819; baseline -0.002 -25"><span class='ocrx_word' id='word_1_193' title='bbox 115 3719 248 3796; x_wconf 81' lang='lat' dir='ltr'><strong>cederet</strong></span> <span class='ocrx_word' id='word_1_194' title='bbox 265 3727 393 3796; x_wconf 86' lang='lat' dir='ltr'><strong>vcstra</strong></span> <span class='ocrx_word' id='word_1_195' title='bbox 410 3721 616 3819; x_wconf 91' lang='lat' dir='ltr'><strong>paternitas</strong></span> <span class='ocrx_word' id='word_1_196' title='bbox 636 3720 684 3796; x_wconf 92' lang='lat' dir='ltr'><strong>ad</strong></span> <span class='ocrx_word' id='word_1_197' title='bbox 703 3719 854 3814; x_wconf 84' lang='lat' dir='ltr'><strong>Batcm,</strong></span> <span class='ocrx_word' id='word_1_198' title='bbox 875 3718 973 3814; x_wconf 91' lang='lat' dir='ltr'><strong>quod</strong></span> <span class='ocrx_word' id='word_1_199' title='bbox 991 3717 1075 3794; x_wconf 86' lang='lat' dir='ltr'><strong>istis</strong></span> <span class='ocrx_word' id='word_1_200' title='bbox 1092 3714 1212 3792; x_wconf 88' lang='lat' dir='ltr'><strong>tribus</strong></span> 
     </span>
     <span class='ocr_line' id='line_1_27' title="bbox 116 3843 1214 3948; baseline -0.005 -27"><span class='ocrx_word' id='word_1_201' title='bbox 116 3843 233 3924; x_wconf 77' lang='lat' dir='ltr'><strong>uenus</strong></span> <span class='ocrx_word' id='word_1_202' title='bbox 250 3872 327 3924; x_wconf 91' lang='lat' dir='ltr'><strong>non</strong></span> <span class='ocrx_word' id='word_1_203' title='bbox 345 3849 411 3924; x_wconf 85' lang='lat' dir='ltr'><strong>wlt</strong></span> <span class='ocrx_word' id='word_1_204' title='bbox 428 3871 644 3947; x_wconf 90' lang='lat' dir='ltr'><strong>comparere</strong></span> <span class='ocrx_word' id='word_1_205' title='bbox 662 3847 832 3923; x_wconf 87' lang='lat' dir='ltr'><strong>dominus</strong></span> <span class='ocrx_word' id='word_1_206' title='bbox 851 3851 978 3921; x_wconf 88' lang='lat' dir='ltr'><strong>noster</strong></span> <span class='ocrx_word' id='word_1_207' title='bbox 997 3844 1214 3948; x_wconf 82' lang='lat' dir='ltr'><strong>capitaneus</strong></span> 
     </span>
     <span class='ocr_line' id='line_1_28' title="bbox 116 3968 1213 4071; baseline -0.005 -25"><span class='ocrx_word' id='word_1_208' title='bbox 116 3971 155 4046; x_wconf 82' lang='lat' dir='ltr'><strong>ad</strong></span> <span class='ocrx_word' id='word_1_209' title='bbox 169 3982 316 4070; x_wconf 79' lang='lat' dir='ltr'><strong>gentem</strong></span> <span class='ocrx_word' id='word_1_210' title='bbox 334 3981 487 4050; x_wconf 88' lang='lat' dir='ltr'><strong>tantam.</strong></span> <span class='ocrx_word' id='word_1_211' title='bbox 517 3975 626 4050; x_wconf 88' lang='lat' dir='ltr'><strong>Nunc</strong></span> <span class='ocrx_word' id='word_1_212' title='bbox 645 3973 763 4050; x_wconf 88' lang='lat' dir='ltr'><strong>eciam</strong></span> <span class='ocrx_word' id='word_1_213' title='bbox 782 3995 873 4071; x_wconf 88' lang='lat' dir='ltr'><strong>sepe</strong></span> <span class='ocrx_word' id='word_1_214' title='bbox 891 3968 1077 4046; x_wconf 91' lang='lat' dir='ltr'><strong>interdum</strong></span> <span class='ocrx_word' id='word_1_215' title='bbox 1096 3969 1213 4044; x_wconf 86' lang='lat' dir='ltr'><strong>oritur</strong></span> 
     </span>
     <span class='ocr_line' id='line_1_29' title="bbox 117 4095 1212 4197; baseline -0.002 -25"><span class='ocrx_word' id='word_1_216' title='bbox 117 4099 279 4178; x_wconf 85' lang='lat' dir='ltr'><strong>intereos</strong></span> <span class='ocrx_word' id='word_1_217' title='bbox 298 4101 551 4178; x_wconf 85' lang='lat' dir='ltr'><strong>contencionis</strong></span> <span class='ocrx_word' id='word_1_218' title='bbox 569 4102 672 4197; x_wconf 85' lang='lat' dir='ltr'><strong>rixa,</strong></span> <span class='ocrx_word' id='word_1_219' title='bbox 701 4123 791 4197; x_wconf 90' lang='lat' dir='ltr'><strong>ergo</strong></span> <span class='ocrx_word' id='word_1_220' title='bbox 811 4099 844 4176; x_wconf 92' lang='lat' dir='ltr'><strong>si</strong></span> <span class='ocrx_word' id='word_1_221' title='bbox 862 4097 925 4173; x_wconf 87' lang='lat' dir='ltr'><strong>hic</strong></span> <span class='ocrx_word' id='word_1_222' title='bbox 942 4098 1050 4192; x_wconf 84' lang='lat' dir='ltr'><strong>foret,</strong></span> <span class='ocrx_word' id='word_1_223' title='bbox 1079 4095 1212 4170; x_wconf 89' lang='lat' dir='ltr'><strong>meiius</strong></span> 
     </span>
     <span class='ocr_line' id='line_1_30' title="bbox 118 4221 1212 4324; baseline -0.008 -20"><span class='ocrx_word' id='word_1_224' title='bbox 118 4237 214 4324; x_wconf 84' lang='lat' dir='ltr'><strong>erret,</strong></span> <span class='ocrx_word' id='word_1_225' title='bbox 234 4239 271 4306; x_wconf 92' lang='lat' dir='ltr'><strong>et</strong></span> <span class='ocrx_word' id='word_1_226' title='bbox 289 4229 329 4304; x_wconf 94' lang='lat' dir='ltr'><strong>in</strong></span> <span class='ocrx_word' id='word_1_227' title='bbox 347 4227 428 4306; x_wconf 86' lang='lat' dir='ltr'><strong>dies</strong></span> <span class='ocrx_word' id='word_1_228' title='bbox 445 4229 509 4306; x_wconf 84' lang='lat' dir='ltr'><strong>vbi</strong></span> <span class='ocrx_word' id='word_1_229' title='bbox 527 4229 611 4324; x_wconf 89' lang='lat' dir='ltr'><strong>duo,</strong></span> <span class='ocrx_word' id='word_1_230' title='bbox 632 4229 793 4322; x_wconf 72' lang='lat' dir='ltr'><strong>rbitror,</strong></span> <span class='ocrx_word' id='word_1_231' title='bbox 813 4225 984 4303; x_wconf 87' lang='lat' dir='ltr'><strong>vbivnus</strong></span> <span class='ocrx_word' id='word_1_232' title='bbox 1003 4223 1041 4296; x_wconf 94' lang='lat' dir='ltr'><strong>in</strong></span> <span class='ocrx_word' id='word_1_233' title='bbox 1060 4221 1212 4296; x_wconf 88' lang='lat' dir='ltr'><strong>exilium</strong></span> 
     </span>
     <span class='ocr_line' id='line_1_31' title="bbox 119 4347 1214 4456; baseline -0.009 -25"><span class='ocrx_word' id='word_1_234' title='bbox 119 4353 255 4454; x_wconf 74' lang='lat' dir='ltr'><strong>indunt,</strong></span> <span class='ocrx_word' id='word_1_235' title='bbox 276 4366 314 4432; x_wconf 89' lang='lat' dir='ltr'><strong>et</strong></span> <span class='ocrx_word' id='word_1_236' title='bbox 331 4381 425 4456; x_wconf 85' lang='lat' dir='ltr'><strong>gens</strong></span> <span class='ocrx_word' id='word_1_237' title='bbox 442 4357 653 4434; x_wconf 87' lang='lat' dir='ltr'><strong>minuitur.“</strong></span> <span class='ocrx_word' id='word_1_238' title='bbox 684 4355 768 4450; x_wconf 83' lang='lat' dir='ltr'><strong>Ego</strong></span> <span class='ocrx_word' id='word_1_239' title='bbox 782 4351 945 4446; x_wconf 82' lang='lat' dir='ltr'><strong>surrexi,</strong></span> <span class='ocrx_word' id='word_1_240' title='bbox 966 4372 1048 4426; x_wconf 92' lang='lat' dir='ltr'><strong>cum</strong></span> <span class='ocrx_word' id='word_1_241' title='bbox 1067 4347 1139 4424; x_wconf 91' lang='lat' dir='ltr'><strong>duo</strong></span> <span class='ocrx_word' id='word_1_242' title='bbox 1158 4349 1214 4422; x_wconf 83' lang='lat' dir='ltr'><strong>fa·</strong></span> 
     </span>
     <span class='ocr_line' id='line_1_32' title="bbox 120 4473 1213 4580; baseline -0.008 -20"><span class='ocrx_word' id='word_1_243' title='bbox 120 4483 215 4560; x_wconf 79' lang='lat' dir='ltr'><strong>nutis</strong></span> <span class='ocrx_word' id='word_1_244' title='bbox 241 4485 335 4562; x_wconf 89' lang='lat' dir='ltr'><strong>meis</strong></span> <span class='ocrx_word' id='word_1_245' title='bbox 373 4485 546 4562; x_wconf 88' lang='lat' dir='ltr'><strong>celeriter</strong></span> <span class='ocrx_word' id='word_1_246' title='bbox 584 4481 633 4557; x_wconf 89' lang='lat' dir='ltr'><strong>ad</strong></span> <span class='ocrx_word' id='word_1_247' title='bbox 668 4479 818 4580; x_wconf 90' lang='lat' dir='ltr'><strong>opidum</strong></span> <span class='ocrx_word' id='word_1_248' title='bbox 857 4479 954 4553; x_wconf 81' lang='lat' dir='ltr'><strong>Bata</strong></span> <span class='ocrx_word' id='word_1_249' title='bbox 980 4473 1052 4570; x_wconf 88' lang='lat' dir='ltr'><strong>ini,</strong></span> <span class='ocrx_word' id='word_1_250' title='bbox 1082 4482 1120 4550; x_wconf 89' lang='lat' dir='ltr'><strong>et</strong></span> <span class='ocrx_word' id='word_1_251' title='bbox 1147 4473 1213 4551; x_wconf 91' lang='lat' dir='ltr'><strong>ho-</strong></span> 
     </span>
     <span class='ocr_line' id='line_1_33' title="bbox 121 4599 1214 4712; baseline -0.005 -31"><span class='ocrx_word' id='word_1_252' title='bbox 121 4609 260 4706; x_wconf 80' lang='lat' dir='ltr'><strong>spicium</strong></span> <span class='ocrx_word' id='word_1_253' title='bbox 279 4611 405 4708; x_wconf 92' lang='lat' dir='ltr'><strong>magni</strong></span> <span class='ocrx_word' id='word_1_254' title='bbox 423 4606 658 4712; x_wconf 85' lang='lat' dir='ltr'><strong>Au(gu)stini</strong></span> <span class='ocrx_word' id='word_1_255' title='bbox 668 4608 787 4684; x_wconf 91' lang='lat' dir='ltr'><strong>ciuem</strong></span> <span class='ocrx_word' id='word_1_256' title='bbox 804 4603 966 4698; x_wconf 75' lang='lat' dir='ltr'><strong>inuniui,</strong></span> <span class='ocrx_word' id='word_1_257' title='bbox 987 4600 1076 4698; x_wconf 87' lang='lat' dir='ltr'><strong>quia</strong></span> <span class='ocrx_word' id='word_1_258' title='bbox 1091 4599 1214 4699; x_wconf 84' lang='lat' dir='ltr'><strong>ipsum</strong></span> 
     </span>
     <span class='ocr_line' id='line_1_34' title="bbox 123 4725 1216 4915; baseline -0.009 -105"><span class='ocrx_word' id='word_1_259' title='bbox 123 4733 276 4814; x_wconf 83' lang='lat' dir='ltr'><strong>dicebant</strong></span> <span class='ocrx_word' id='word_1_260' title='bbox 302 4759 386 4814; x_wconf 89' lang='lat' dir='ltr'><strong>esse</strong></span> <span class='ocrx_word' id='word_1_261' title='bbox 405 4736 456 4812; x_wconf 91' lang='lat' dir='ltr'><strong>ibi</strong></span> <span class='ocrx_word' id='word_1_262' title='bbox 476 4736 514 4811; x_wconf 93' lang='lat' dir='ltr'><strong>in</strong></span> <span class='ocrx_word' id='word_1_263' title='bbox 532 4735 751 4834; x_wconf 88' lang='lat' dir='ltr'><strong>hospicium.</strong></span> <span class='ocrx_word' id='word_1_264' title='bbox 780 4733 833 4810; x_wconf 83' lang='lat' dir='ltr'><strong>Et</strong></span> <span class='ocrx_word' id='word_1_265' title='bbox 850 4729 947 4828; x_wconf 87' lang='lat' dir='ltr'><strong>quod</strong></span> <span class='ocrx_word' id='word_1_266' title='bbox 974 4725 1216 4915; x_wconf 44' lang='lat' dir='ltr'><strong>meqvidiaset</strong></span> 
     </span>
    </p>

    <p class='ocr_par' dir='ltr' id='par_1_10' title="bbox 165 4873 345 4920">
     <span class='ocr_line' id='line_1_35' title="bbox 165 4873 345 4920; baseline -0.011 0"><span class='ocrx_word' id='word_1_267' title='bbox 165 4873 254 4920; x_wconf 70' lang='grc' dir='ltr'>ΙθΙΠΙ.</span> <span class='ocrx_word' id='word_1_268' title='bbox 272 4879 345 4920; x_wconf 64' lang='lat' dir='ltr'><strong>EUM.</strong></span> 
     </span>
    </p>
   </div>
   <div class='ocr_carea' id='block_1_5' title="bbox 0 0 1641 5210">
    <p class='ocr_par' dir='ltr' id='par_1_11' title="bbox 0 0 1641 5210">
     <span class='ocr_line' id='line_1_36' title="bbox 0 0 1641 5210; baseline 0 0"><span class='ocrx_word' id='word_1_269' title='bbox 0 0 1641 5210; x_wconf 95' lang='lat' dir='ltr'><strong> </strong></span> 
     </span>
    </p>
   </div>
  </div>
 </body>
</html>
