3260 5226
1135 429 1216 512 868

107 631 268 702 nostrum
297 631 354 702 est
380 623 568 724 suplicarc
587 623 643 720 ei,
673 623 760 724 quid
788 624 987 704 nobiscum.
1008 636 1154 728 oportet
1180 631 1216 706 ei
1245 659 1247 666 ¹

106 749 262 828 facere.“

205 873 398 954 Interdum
425 876 645 976 inceperunt
672 899 788 954 vnum
816 878 977 956 alterum
1013 903 1106 978 erga
1134 861 1218 960 eum

104 1003 287 1082 destinare
306 1003 356 1079 ad
373 1003 605 1082 referendum
625 1003 698 1082 sibi
718 1027 800 1081 cum
819 1006 1031 1102 graciarum
1051 1007 1216 1086 accione.

106 1131 240 1208 Nullus
258 1131 457 1230 presumsit
474 1131 549 1228 ire,
576 1130 648 1208 nisi
666 1132 770 1209 solus
789 1131 992 1210 monachus
1013 1131 1216 1230 Georgius.

103 1259 152 1334 Et
169 1257 352 1356 equaliter
370 1257 567 1357 optimates
586 1256 853 1355 Hungarornm
871 1259 1033 1358 polliciti
1051 1257 1216 1358 Cesaris,

104 1385 200 1484 quod
219 1385 318 1462 omni
337 1408 434 1461 anno
464 1381 725 1462 administrare
752 1387 893 1462 faciunt
920 1387 994 1464 sibi
1019 1409 1132 1463 unam
1150 1386 1217 1462 mi·

104 1512 261 1608 donem,
282 1518 320 1588 et
337 1511 491 1612 insuper
516 1512 694 1610 quicquid
716 1535 870 1590 necesse
897 1513 1067 1589 fueritin
1085 1511 1217 1610 Regno

108 1661 185 1716 suo.
205 1637 255 1712 Et
272 1637 315 1713 in
331 1659 448 1734 regno
467 1635 663 1734 Hungarie
682 1640 751 1752 sub
770 1646 955 1738 potestate
973 1639 1054 1738 erit,
1083 1647 1220 1717 extunc

105 1764 296 1862 negligere
316 1788 388 1841 non
406 1766 584 1842 valebunt
602 1772 732 1843 contra
748 1788 844 1843 eum.
865 1767 917 1847 Et
934 1767 1129 1866 responsio
1147 1766 1218 1842 hcc

107 1899 188 1968 erat
217 1917 240 1968 a
267 1892 384 1968 fratre
413 1887 580 1988 Georgio
610 1891 658 1966 ad
686 1890 863 1970 Cererem
894 1892 1123 1990 Turoarum,
1151 1892 1220 1970 sed

107 2019 226 2098 Cesar
245 2019 315 2094 hec
333 2039 414 2094 cum
434 2017 579 2095 audien.
591 2018 705 2094 dixit:
721 2025 863 2116 „Debre
876 2020 910 2117 ;“
933 2020 1040 2098 idest
1061 2021 1215 2118 „bene.“

107 2149 155 2224 Et
190 2147 415 2232 relacionem
451 2146 550 2222 hanc
585 2148 781 2225 retnllerat
808 2171 830 2224 e
857 2170 1039 2226 conuerso
1077 2145 1217 2226 Cesar:

110 2277 230 2376 „Ecce
259 2297 329 2372 ego
347 2273 435 2351 volo
455 2297 538 2350 cum
556 2274 781 2352 consiliariis
805 2276 899 2353 meis
918 2297 976 2350 mc
993 2274 1219 2372 intelligere,

107 2401 287 2502 quomodo
316 2425 385 2478 vos
412 2423 471 2476 me
499 2408 646 2500 oportet
680 2403 890 2500 relinquere
916 2403 955 2480 in
983 2409 1082 2480 statu
1107 2405 1219 2482 bono.

106 2531 207 2628 Ergo
225 2552 343 2630 pergo
361 2551 457 2606 nunc
477 2528 525 2604 ad
543 2529 708 2621 Budam,
738 2530 827 2627 quia
855 2553 926 2628 ego
954 2530 1137 2608 nunciabo
1155 2551 1219 2607 vo-

106 2659 185 2756 bis3
213 2665 348 2733 extunc
374 2656 639 2735 nichilominus
666 2657 768 2733 aliud
795 2657 896 2734 dat.“
927 2657 986 2734 Ibi
1014 2656 1220 2755 Georgium

105 2785 301 2862 remiserat
319 2781 440 2860 Cesar
458 2782 667 2860 'Parcarum
686 2805 768 2858 cum
777 2806 853 2861 vna
870 2784 979 2882 pecia
997 2784 1042 2860 de
1060 2805 1220 2884 pnrpuro

107 2912 227 3010 nigro,
248 2917 290 2985 vt
307 2909 492 2987 dominum
511 2932 615 2987 suum
633 2911 660 2988 J
662 2933 819 2989 oannem
828 2909 973 3008 Regem
990 2912 1220 3008 lugubraret.

210 3038 262 3114 Et
275 3037 494 3114 'monachus
530 3037 640 3114 valde
676 3039 860 3115 tremebat
886 3037 931 3114 dc
959 3037 1041 3137 ipso
1068 3047 1222 3139 propter

106 3187 264 3264 paruum
283 3166 473 3264 sigillum
499 3165 566 3243 sed
594 3163 715 3242 Cesar
741 3165 831 3242 talis
849 3187 1042 3264 paganus,
1071 3167 1222 3265 quodsi

107 3317 235 3372 omnes
254 3299 513 3389 consumerent
530 3315 627 3369 unus
645 3294 805 3370 alterum
822 3291 1021 3388 Hungari‚
1052 3292 1139 3392 qnid
1158 3316 1220 3371 cu·

107 3429 208 3500 reret
227 3419 274 3496 de
292 3420 397 3519 ipsis.
428 3417 528 3512 Quia
546 3419 661 3496 Turci
684 3420 807 3496 solent
829 3420 898 3496 tali
916 3419 1004 3497 stilo
1023 3419 1097 3516 nti,
1126 3420 1223 3517 quod

108 3551 138 3626 si
156 3555 284 3650 potest
302 3571 370 3646 per
389 3545 487 3624 dona
504 3569 574 3625 sua
590 3553 742 3645 gentem
761 3547 925 3624 alienam
944 3545 1141 3641 seducere,
1161 3546 1224 3622 hic

106 3677 272 3754 lucratus
291 3673 387 3770 crit;
412 3697 498 3750 mox
518 3673 666 3752 Turcus
684 3673 717 3751 si
736 3673 896 3772 accipiet
914 3695 1047 3751 munus
1066 3697 1090 3750 a
1108 3673 1223 3750 mani·

105 3804 172 3880 bus
203 3823 354 3898 curum,
383 3806 516 3900 postea
543 3801 678 3879 iterum
708 3801 756 3876 ad
781 3799 890 3901 fidem
918 3807 1021 3910 tuam
1039 3801 1223 3898 loquitur;

108 3931 206 4028 quod
225 3930 258 4006 si
278 3929 375 4006 dona
402 3929 550 4028 spernis
576 3929 718 4028 ipsius,
748 3952 834 4004 mox
860 3950 942 4004 cum
961 3927 1034 4004 fide
1052 3949 1120 4006 sua
1137 3951 1223 4028 spo·

107 4057 237 4156 pondit
253 4063 292 4132 tc
311 4056 358 4132 ad
375 4057 548 4154 fratrem,
577 4064 615 4132 et
632 4057 688 4134 sic
707 4055 753 4132 de
772 4056 942 4152 singulis.
964 4053 1123 4147 Quodsi
1142 4077 1224 4132 cum

108 4207 148 4260 eo
166 4182 268 4260 bibis
287 4182 351 4258 vcl
378 4205 521 4277 comcs,
551 4181 596 4259 de
614 4189 652 4258 te
671 4181 830 4280 amplius
857 4205 932 4259 non
949 4181 1115 4278 timebit3
1135 4189 1173 4256 et
1190 4182 1224 4260 si

106 4317 144 4387 tu
161 4319 202 4387 te
222 4309 344 4410 ipsum
372 4311 420 4386 ab
448 4310 547 4386 omni
575 4309 744 4388 remandi
772 4308 1055 4405 coronareris,
1076 4311 1124 4386 ab
1143 4309 1226 4407 ipso

106 4435 260 4516 timebit.
284 4436 334 4512 Et
352 4459 499 4537 semper
517 4437 644 4536 possis
663 4436 785 4537 ipsum
805 4435 1023 4530 devincere,
1043 4435 1078 4512 si
1097 4435 1225 4513 obser-

104 4584 195 4644 uare
224 4564 410 4664 teipsum
437 4564 638 4660 retinebis;
676 4563 764 4662 qnia
789 4561 864 4662 ipsi
891 4568 977 4640 sunt
1003 4561 1226 4640 naturaliter

105 4690 308 4768 effeminati
319 4690 400 4788 viri,
416 4698 453 4768 et
472 4689 620 4770 lormidi
630 4697 717 4768 sunt
726 4712 873 4788 semper
882 4695 1058 4787 tanquam
1075 4689 1225 4785 femine,
