3238 5228
417 495 496 573 244

418 695 530 789 duas,
559 701 597 769 ct
614 693 722 769 ambo
750 690 996 788 loquebantur
1022 694 1086 762 tm.
1117 685 1278 762 invicem
1304 688 1391 786 plus
1418 709 1528 785 quam

418 826 576 919 quatuor
602 819 727 895 horas.
756 817 808 893 Et
834 817 931 891 inter
948 837 989 892 se
1008 812 1124 890 'Porci
1143 812 1282 888 milites
1300 819 1338 888 et
1355 811 1529 910 Hungari

418 946 557 1023 milites
575 965 688 1019 vnum
707 943 865 1018 alterum
884 939 1081 1035 donabant,
1092 945 1130 1013 et
1144 939 1417 1016 fraternitatem
1434 941 1531 1015 inter

419 1095 460 1150 se
489 1071 727 1150 otendebant.
766 1067 991 1144 Franciscus
1028 1063 1180 1142 Chorba
1217 1087 1329 1141 vnum
1357 1089 1531 1163 magnum

421 1198 585 1274 'Puteum
612 1195 851 1295 mancipabat
877 1195 916 1268 in
943 1192 1015 1268 fide
1044 1214 1113 1268 sua
1139 1192 1304 1268 fratrem.
1344 1194 1396 1268 Et
1421 1195 1532 1269 ambo

379 1343 385 1359 ⁸
422 1349 505 1402 com
523 1323 792 1403 Mehmethbek
818 1320 989 1420 spaciare
1014 1319 1155 1418 incepit
1180 1317 1264 1394 Rex
1282 1319 1452 1398 Joannes
1470 1343 1533 1397 su·

419 1477 487 1554 per
514 1453 661 1552 rippam
690 1449 823 1525 Thicic
851 1447 936 1543 flul,
966 1453 1003 1522 et
1031 1445 1116 1521 Rex
1145 1448 1249 1522 venit
1275 1469 1421 1524 rursum
1449 1469 1533 1523 cum

420 1579 578 1657 licencia
605 1577 795 1673 vtrinaque
823 1596 918 1651 unus
945 1574 992 1650 ab
1021 1573 1139 1649 altero
1168 1573 1216 1648 ad
1246 1597 1374 1650 cenam
1402 1573 1533 1652 Malao.

422 1707 473 1782 Et
489 1705 542 1780 ibi
560 1702 739 1800 quidquid
758 1701 999 1777 decreuerunt
1016 1701 1143 1776 nullus
1160 1701 1282 1796 sciuit,
1302 1701 1370 1778 sed
1387 1699 1534 1777 demum

421 1832 642 1908 rebellatum
661 1836 758 1925 erat,
779 1829 825 1906 de
843 1829 975 1926 quibus
993 1827 1195 1904 audiemus.

714 2117 1045 2222 (CAPITULUM
1074 2117 1233 2220 LXXI).

529 2337 612 2412 Rex
631 2359 737 2412 mane
757 2359 926 2432 sumgen.
956 2358 1038 2411 cum
1066 2335 1248 2411 Polonica
1274 2347 1398 2432 gente.
1427 2333 1535 2412 Hun-

422 2465 505 2562 gari
524 2462 633 2560 quasi
652 2468 758 2536 erant
779 2464 889 2559 juxta
917 2461 1060 2558 Regem
1088 2462 1274 2540 Joauncm
1298 2461 1536 2560 vespertilio·

424 2614 502 2668 nes.
532 2589 583 2666 Et
601 2588 687 2663 veui
706 2587 754 2663 ad
782 2585 961 2671 Chanad,
992 2589 1080 2685 quia
1106 2590 1181 2664 iam
1210 2597 1318 2666 erant
1346 2589 1537 2688 subjugati

424 2717 564 2796 Joauni
581 2713 698 2811 Regi,
726 2722 763 2790 et
781 2715 833 2789 ibi
851 2715 970 2792 tribus
997 2715 1126 2792 diebus
1153 2715 1467 2814 pernoctabimus.
1488 2717 1539 2792 Et

426 2845 527 2920 misit
552 2843 636 2918 Rex
654 2843 850 2916 numenium
878 2841 927 2918 ad
954 2841 1293 2948 Themeswarien.,
1322 2849 1363 2916 vt
1385 2865 1428 2919 se
1446 2865 1537 2920 con·

423 2975 593 3046 seruaret
610 2976 647 3043 et
664 2967 820 3066 perfecti
846 2967 969 3044 forent
987 2968 1025 3043 in
1039 2971 1251 3065 juramento
1279 2969 1364 3044 fidei
1384 2991 1537 3046 suorum

426 3096 474 3171 ad
482 3095 623 3190 Regem
633 3094 660 3170 J
662 3117 831 3170 oannem.
843 3093 1109 3193 Paralimphus
1128 3097 1290 3172 cucurrit
1299 3119 1381 3172 eum
1398 3097 1541 3173 litteris

425 3221 545 3318 Regie
564 3221 788 3318 Majestatis,
807 3229 849 3296 vt
867 3221 900 3298 si
919 3229 1186 3320 comparerent,
1207 3229 1342 3298 extunc
1353 3225 1541 3320 equitaret

426 3347 474 3424 ad
491 3370 614 3424 arcem
633 3347 973 3424 Themeswarien..
993 3349 1045 3423 ut
1071 3370 1217 3426 rursum
1236 3358 1392 3426 venerat
1409 3355 1540 3429 statim

429 3475 476 3551 ad
493 3473 635 3571 Regem
653 3475 694 3550 in
712 3473 975 3574 locoOhanad,
996 3483 1033 3550 et
1050 3475 1211 3551 litteram
1225 3477 1383 3553 ducebat
1400 3477 1440 3553 iu
1459 3504 1539 3556 ma·

426 3623 476 3678 uu
503 3622 572 3678 sua
599 3622 817 3702 precursor,
847 3607 885 3674 et
911 3600 1027 3675 allate
1054 3609 1161 3698 erant
1187 3601 1234 3676 ad
1261 3625 1392 3679 manus
1417 3603 1542 3701 Regie

426 3727 654 3826 Majestatis,
675 3735 712 3803 et
730 3728 769 3802 in
796 3727 933 3803 litteris
963 3727 1126 3804 ciuitatis
1157 3735 1195 3802 et
1222 3728 1267 3805 de
1291 3737 1415 3806 castro
1435 3729 1542 3806 The·

429 3853 660 3931 meswarieu.
688 3876 754 3951 pcr
782 3853 979 3930 officialem
1007 3853 1196 3930 Andrcam
1223 3855 1360 3932 Zakoli
1383 3861 1544 3938 materie

425 3981 636 4056 litterarum
654 3979 709 4054 sic
718 3979 903 4055 sonabant
921 3979 1038 4056 dicen.
1061 4009 1069 4054 :
1093 3981 1257 4078 „Verum
1276 3983 1437 4080 quidem,
1457 4009 1542 4063 cum

424 4109 634 4204 juramento
663 4113 790 4182 nostro
818 4104 905 4182 fidei
932 4113 1102 4184 tenemus
1129 4131 1195 4184 suc
1225 4116 1262 4183 et
1280 4108 1400 4205 Regie
1419 4111 1542 4211 Maje·

428 4228 517 4309 atati
536 4235 574 4305 et
590 4251 717 4306 sumus
735 4231 909 4328 perfecti,
938 4229 1006 4307 scd
1022 4233 1117 4308 bene
1135 4235 1350 4314 recordetur
1368 4259 1439 4313 sua
1457 4239 1541 4313 Ma-

424 4358 563 4454 jestas‚
593 4359 692 4455 quod
719 4367 800 4435 erat
826 4359 1091 4456 Hungarorum
1128 4360 1232 4458 Rex,
1268 4388 1343 4440 non
1369 4363 1542 4444 unrkus.

428 4481 528 4576 Quia
544 4485 619 4561 ista
636 4509 705 4561 arx
723 4509 798 4562 uon
816 4485 976 4584 pertinet
994 4485 1042 4562 ad
1060 4486 1251 4584 Turkum,
1277 4490 1344 4566 sed
1361 4489 1409 4565 ad
1428 4489 1543 4568 Obri-

428 4608 590 4687 stianum
608 4611 762 4710 Regem.
783 4611 887 4708 Ergo
896 4635 966 4690 nos
976 4636 1050 4689 non
1059 4636 1186 4692 sumus
1202 4615 1402 4693 traditores
1421 4615 1543 4694 Sacra

429 4731 596 4832 Corone,
626 4736 693 4815 aed
711 4737 788 4814 Sua
806 4737 999 4835 Majestas.
1021 4737 1129 4830 Quod
1148 4741 1181 4818 si
1199 4741 1457 4842 principaliter
1470 4771 1543 4826 uos
