3260 5226
1165 423 1246 504 383

125 622 207 716 sio,
233 621 331 718 quod
350 619 423 696 dux
453 643 548 698 vnus
567 621 698 698 habuit
716 629 871 698 mortem
890 625 938 701 ab
957 624 1084 719 regnis
1103 622 1245 700 'Paroa-

124 771 231 846 rnm;
261 747 424 825 secunda
453 749 622 843 occasio,
651 747 750 847 qnod
777 749 914 826 Petrus
942 750 1062 852 Priny
1081 749 1248 829 dedisset

124 875 277 974 signnm
307 898 352 951 ac
378 882 543 952 tutamen
577 875 807 972 Turcarum3
844 877 963 953 tercia
998 877 1146 954 occasio
1176 876 1247 954 hoc

125 1009 220 1098 erat,
231 1003 329 1099 quod
337 1002 529 1080 audissent
547 1000 822 1077 inundationem
832 1002 956 1097 gentis
967 1001 1245 1081 Izmaelitarunr

127 1131 177 1206 ad
196 1130 467 1206 defendendum
496 1128 662 1224 Budanr3
688 1137 821 1225 quarta
849 1131 998 1207 occasio
1025 1138 1108 1207 erat
1126 1129 1244 1206 eciam

127 1256 221 1352 hec,
251 1255 349 1355 quod
368 1279 443 1334 non
470 1263 552 1333 erat
577 1254 761 1331 bellicosa
787 1279 882 1352 gens
910 1258 979 1333 sub
999 1257 1148 1332 nomine
1168 1257 1246 1333 Do-

127 1383 218 1458 rnini
250 1382 366 1459 nostri
394 1382 489 1460 Jesu
518 1379 681 1475 Christi,
711 1403 785 1468 non
813 1405 860 1457 ex
879 1405 1062 1460 consensu
1082 1382 1246 1460 Sanctis-

127 1510 215 1586 simi
235 1509 359 1609 Pape,
380 1509 446 1586 scd
465 1509 607 1606 absque
627 1508 787 1584 licencia
804 1530 874 1586 sua
892 1517 999 1586 orant
1016 1511 1186 1610 profecti
1199 1510 1247 1586 ad

130 1638 285 1714 bellum.
315 1637 419 1733 Ergo
439 1658 487 1711 ex
504 1635 577 1711 hoc
604 1656 677 1710 non
705 1644 788 1713 erat
809 1639 952 1733 justum
970 1639 1122 1714 bellum.
1148 1636 1245 1712 Haw

130 1770 294 1856 discente
313 1785 358 1838 ac
376 1761 504 1838 stolidi
522 1769 645 1837 mente
664 1771 846 1839 venerant
865 1771 902 1839 et
920 1764 1091 1842 abierant
1108 1771 1245 1842 retror-

131 1907 215 1968 surn
225 1890 273 1967 ad
283 1887 537 1986 Germaniam,
558 1897 596 1964 et
613 1887 787 1986 Hungari
799 1899 1082 1987 permanserant
1090 1893 1130 1967 in
1139 1889 1245 1968 Hun-

131 2019 289 2116 goriam.
319 2018 436 2114 Ergo,
456 2015 596 2092 iratres
616 2014 848 2110 charissimi,
878 2014 1095 2094 Christicoli
1123 2025 1247 2094 mutuo

133 2147 273 2226 habent
299 2144 474 2222 delictum
502 2142 710 2219 occasionis
737 2141 916 2242 perdendi
934 2142 1070 2242 Regna
1089 2143 1246 2222 Germa-

133 2298 264 2354 norum
283 2283 321 2350 et
338 2271 625 2368 Hungarorum;
651 2271 795 2370 primus
813 2269 895 2346 Rex
913 2271 1171 2353 Ferdinandus
1190 2281 1247 2351 est

133 2402 301 2498 occasio,
329 2407 367 2474 et
394 2399 529 2475 Petrus
556 2397 661 2474 Prini
680 2422 700 2474 e
719 2419 900 2474 conuerso
918 2395 1135 2494 Hungarie;
1164 2398 1247 2475 ideo

133 2531 242 2606 ambo
260 2529 471 2606 sustineant
488 2526 644 2624 quisque
662 2547 768 2602 suam
787 2527 996 2604 fatuitatem
1015 2531 1085 2600 etc.

1133 2657 1153 2696 0

433 2811 764 2916 (anennoeton
792 2812 953 2917 cunr).

250 3030 326 3132 ¹¹⁵·,'
361 3031 485 3126 Quum
515 3035 595 3130 jam
632 3032 819 3110 sonuisset
846 3033 885 3108 in
912 3031 1065 3110 auribus
1093 3029 1247 3108 Cosanis

135 3160 353 3256 luteorum,
365 3159 464 3256 quod
474 3158 812 3258 dispersifuissent,
829 3158 1246 3256 venitergoTuroarum

136 3285 255 3364 Cesar
275 3285 322 3361 ad
341 3284 608 3362 defendendam
629 3285 771 3362 Budam
791 3286 876 3362 dum
896 3286 1109 3364 scribebant
1130 3283 1245 3362 1543.

136 3415 186 3492 Et
204 3414 260 3490 eis
280 3413 386 3490 daret
404 3435 587 3512 pugnarn,
614 3414 677 3510 qui
704 3413 821 3490 vellet
839 3437 885 3490 ex
905 3413 1144 3492 Christicolis
1163 3433 1246 3488 curn

136 3567 179 3618 eo
208 3539 418 3618 conflictum
445 3541 596 3618 habere.
624 3541 674 3616 Et
700 3549 855 3616 venerat
881 3541 976 3618 Julii
1005 3561 1133 3616 mense
1161 3545 1247 3638 post

136 3671 317 3747 octanam'
333 3669 494 3758 Joannis
523 3667 711 3766 Baptista,
747 3691 902 3766 cumque
938 3667 1174 3766 pervenisset
1208 3667 1246 3740 in

136 3800 327 3898 regionem
347 3795 542 3896 Baronya,
563 3797 665 3872 stetit
682 3817 765 3871 cunr
784 3795 934 3892 agmina
952 3817 1040 3891 sua,
1060 3817 1105 3868 ac
1123 3799 1246 3870 castra

136 3931 296 4003 means
314 3930 396 4001 erat
414 3924 484 4000 sub
502 3946 589 3998 arce
607 3921 749 3998 Siklos.
774 3920 884 4013 Quod
907 3920 1113 3998 audiuisset
1130 3919 1245 3996 domi-

136 4075 223 4128 uum
243 4073 350 4128 snum
370 4049 489 4146 arcis,
519 4049 693 4126 videlicet
711 4049 862 4124 Petrum
882 4048 986 4126 Prini
1000 4051 1079 4146 jam
1098 4055 1246 4146 captum

136 4177 356 4279 pechgem
366 4174 653 4270 Fcrdinandurn,
664 4175 752 4250 ilico
762 4173 877 4270 elegit
894 4173 1245 4270 legacionisTurca·

137 4331 221 4384 rum
238 4306 287 4381 ad
304 4305 549 4382 castellanum
567 4313 605 4380 et
621 4303 883 4380 uniuersaliter
902 4305 1056 4400 cunctis,
1077 4303 1139 4400 qui
1160 4325 1245 4378 arce

139 4431 358 4526 residerent,
370 4439 412 4505 vt
430 4431 670 4508 concederent
688 4438 725 4506 et
743 4429 970 4508 adhererent
987 4431 1071 4508 sibi.
1090 4429 1248 4528 Insuper

140 4559 238 4656 quod
248 4558 480 4634 intrauerunt
501 4557 613 4653 legati
625 4558 833 4641 Turcarum
844 4557 890 4632 ad
900 4557 1103 4654 predictum
1114 4557 1247 4632 castel·

141 4687 266 4762 lanum
281 4686 381 4762 arcis
400 4683 541 4778 Siklos,
562 4694 598 4759 et
607 4686 885 4782 responsionem
904 4683 1248 4762 voluntatissuecis
