3226 5220
1123 507 1203 587 231

193 708 284 785 Pnrt
297 707 432 804 viginti
451 706 583 783 diebus
591 709 676 803 *jem
695 705 888 782 fueremue
906 707 946 782 in
966 729 1054 783 eree
1072 689 1208 804 eontra

103 843 229 936 pentem
256 835 353 910 idem
377 835 486 932 juxte
513 833 704 909 ciuitatem
723 831 932 928 Ternorro,
961 829 1017 933 ⁶⁸¹}
1052 839 1090 910 et
1119 833 1203 912 Rex
1274 886 1276 894 ·

103 961 255 1039 loannes
282 960 506 1037 intrinseeue
533 965 615 1037 eret
642 959 682 1034 in
710 981 847 1056 magne
875 959 1034 1038 tristicie
1061 960 1204 1040 doloris

103 1087 185 1164 leur
203 1095 240 1163 et
257 1088 411 1164 ewlane.
432 1087 493 1162 No
511 1109 582 1184 ego
601 1086 716 1162 hebui
735 1085 841 1164 illem
860 1087 1058 1186 peeuuiem
1077 1093 1204 1166 temen

104 1214 330 1312 ulglubuloe.
349 1214 376 1292 J
378 1235 518 1291 oannes
536 1211 710 1289 Fekethe
727 1212 825 1311 quod
838 1215 919 1312 jem
937 1214 1217 1292 venisseteum

105 1363 164 1418 ruo
198 1341 331 1420 Turkn
368 1341 516 1418 nomine
546 1339 754 1435 Mehemet‚
784 1346 822 1415 et
849 1347 932 1416 eret
959 1340 1025 1418 ille
1053 1325 1205 1422 Turrem

105 1469 342 1566 personaliter
378 1467 574 1544 admodum
612 1467 711 1544 sieut
745 1467 917 1545 loannes
945 1466 1136 1563 Felrethe‚
1168 1475 1208 1546 et

106 1597 231 1672 eeiebet
248 1599 344 1674 bene
363 1595 599 1692 Hungeriter
616 1595 735 1694 loqui.
756 1593 924 1692 Cumque
943 1595 1104 1673 vidisset
1122 1595 1206 1673 Rex

107 1721 254 1799 Tereum
284 1744 367 1798 eum
395 1723 543 1800 Juenne
572 1721 716 1818 Nigro,
746 1743 832 1797 mox
860 1722 1016 1818 gavisus
1035 1729 1128 1800 eret.
1157 1723 1207 1812 Et

107 1855 312 1948 preceperat
339 1847 423 1923 Rex
451 1843 523 1924 s'ibi
552 1853 772 1946 presentare
799 1869 927 1924 ereum
954 1871 1036 1926 eum
1055 1849 1207 1948 eegittiu

107 1973 143 2046 ul
159 1997 288 2050 menne
316 1995 426 2069 enee,
457 1980 496 2048 et
522 1973 621 2072 eepit
648 1995 716 2072 pro
745 1973 874 2073 epaeio
902 1961 1068 2072 negitare
1097 1957 1207 2056 extre

107 2121 231 2194 ereem3
261 2108 300 2176 et
327 2120 396 2176 noe
424 2122 505 2176 eum
535 2123 579 2177 en
607 2099 840 2176 eeteruetim.
879 2099 1027 2180 'Furens
1056 2104 1205 2182 venien.

107 2247 175 2302 enm
202 2227 314 2303 Petro
343 2225 526 2325 Petrovyt
553 2232 590 2301 et
617 2247 700 2302 eum
727 2225 783 2302 eie
809 2225 980 2304 Jneunee
998 2227 1130 2326 Niger.
1157 2229 1209 2305 Et

108 2353 151 2428 eit
167 2353 311 2430 'Pureue
330 2349 427 2448 Regi
447 2379 455 2426 :
480 2351 604 2449 „Quin
622 2351 853 2430 tristamini?
878 2353 968 2452 quid
987 2353 1049 2431 hie
1067 2355 1209 2433 Veetre

109 2477 547 2577 llejmteevegabundet?
566 2500 631 2556 eur
647 2503 720 2555 non
730 2479 971 2578 pereelitebis
981 2480 1029 2556 ed
1036 2479 1207 2578 Regnum

107 2613 194 2682 tuum
211 2603 437 2703 Hungurie?
462 2629 582 2683 nonne
602 2607 717 2684 debes
744 2607 873 2686 venire
901 2607 1082 2685 aduersus
1100 2606 1206 2684 Hun-

108 2731 254 2826 μήπω,
284 2755 371 2807 nern
389 2733 507 2809 frater
526 2739 611 2808 tuue
630 2731 807 2830 fidejuser
832 2733 900 2809 tibi
925 2731 1120 2832 pollieitue
1137 2741 1206 2844 eet,

108 2863 136 2930 et
150 2879 201 2932 me
220 2858 424 2935 destinauit
452 2857 501 2934 erl
529 2865 585 2954 te,
615 2866 656 2933 vt
685 2858 865 2957 quidquid
891 2857 976 2956 egis
1003 2859 1076 2936 hie.
1107 2858 1207 2936 Eeee

108 2981 217 3062 lenus
234 2992 273 3060 et
290 2984 464 3062 mitemue
491 2985 559 3062 tibi
583 2984 782 3083 adjuuend.
813 2985 1084 3084 quinquaginta
1102 2983 1207 3062 milie

108 3105 298 3188 lunarum
318 3109 392 3186 hue
410 3109 458 3185 ed
477 3111 701 3206 Fullonium,
723 3116 761 3185 et
778 3111 931 3189 venient
948 3112 1111 3189 stetim.“
1125 3111 1208 3196 Hee

109 3237 208 3312 perlue
232 3237 371 3314 domini
398 3245 480 3314 erut
510 3238 658 3336 publiee
687 3237 874 3336 loquenda
892 3241 940 3316 eb
959 3261 1024 3318 ore
1043 3239 1209 3318 Mehmet

108 3361 267 3455 prelium.

197 3489 291 3566 Erat
318 3488 465 3588 quidem
485 3490 531 3566 de
552 3489 747 3568 Orakovia
773 3511 870 3566 vnue
898 3491 1075 3588 egregius
1093 3491 1204 3568 Polu-

110 3635 166 3691 nue
182 3625 298 3695 estun,
320 3617 390 3695 hee
407 3619 577 3695 audien..
598 3617 797 3715 „Venobie
816 3623 952 3694 extune
967 3617 1205 3712 Polonorum,

110 3745 135 3819 ri
151 3747 197 3823 ite
214 3749 278 3825 liet
297 3747 481 3848 quomode
510 3745 676 3844 loquitur
702 3745 774 3820 inte
793 3743 977 3820 Tureue.“
1003 3743 1077 3821 Ille
1096 3744 1208 3822 Polu-

110 3895 167 3950 uur
183 3875 343 3954 eneurrit
362 3876 479 3952 eieius
498 3872 546 3948 ed
565 3871 707 3967 Regem
728 3869 956 3947 Polonorum
976 3867 1205 3973 intptwu*)·‚

111 4001 182 4097 quie
206 4005 288 4081 Rex
318 4001 579 4100 Sigiemuudue
607 3998 653 4074 de
681 3997 893 4074 Kruknwie
910 3999 949 4074 in
968 3997 1123 4074 exilium
1151 3999 1206 4074 le·

111 4137 195 4205 eemt
211 4153 337 4208 eornm
356 4130 462 4226 Rege
481 4129 507 4206 J
509 4151 645 4222 nenne,
665 4131 707 4200 vt
725 4124 915 4220 audieret,
937 4125 1034 4223 quud
1052 4121 1204 4224 petene-

110 4271 162 4330 ene
179 4265 256 4333 eret
274 4256 446 4334 Jeennee
470 4255 554 4330 Rex
584 4255 622 4330 in
642 4251 758 4330 Seinu
779 4255 890 4350 juxte
917 4253 1109 4351 epidulum
1135 4273 1202 4348 per

112 4374 321 4479 Germanum
342 4384 461 4459 eeiem
481 4403 563 4457 eum
582 4381 749 4457 audisset
758 4401 842 4456 enm
858 4379 1001 4476 Regem
1019 4377 1045 4455 J
1048 4397 1205 4454 oannem

112 4519 297 4587 currentem
322 4511 370 4586 ed
397 4509 568 4607 Regnum
597 4507 767 4584 Polonie.
807 4505 906 4598 Quia
932 4505 993 4580 hie
1016 4505 1095 4608 jem
1123 4501 1207 4582 Rex

153 4800 163 4855 l
180 4793 236 4850 ilie
255 4795 311 4852 ken
327 4795 442 4868 juvitve
465 4795 672 4862 „lritwaniem¹¹
