3248 5210
1168 433 1243 514 135

153 661 325 742 paupere:
350 637 416 736 „si
444 658 525 726 eum
554 659 628 714 non
656 635 869 732 amisisses,
898 659 973 712 non
999 635 1135 713 inisset
1161 637 1244 736 ipse

153 773 250 843 morte
265 765 350 840 dira
369 767 559 840 necatus.“
576 763 628 840 Et
646 764 678 840 si
698 785 772 838 non
791 763 998 857 euasisset,
1018 786 1104 838 mox
1114 763 1243 861 etipse

154 893 347 970 interiectus
375 891 520 968 fuisset.
550 891 602 966 Et
619 892 674 967 sic
692 891 815 989 ipsum
835 887 978 967 Oitrich
997 912 1066 988 per
1085 887 1242 966 Germa-

152 1044 207 1096 nos
222 1019 485 1096 exterminatus
504 1026 585 1095 erat
602 1017 647 1092 de
666 1017 813 1094 mundo.

238 1143 327 1220 Inde
347 1145 495 1242 quidem
506 1144 648 1241 Regem
659 1141 983 1242 Laconicumsstiv·
996 1151 1244 1238 assumen.‚et

148 1273 319 1348 mmbstc
336 1271 396 1348 die
414 1272 452 1346 in
470 1273 634 1370 profesto
653 1271 755 1348 beati
774 1269 928 1345 Martini
945 1269 1171 1348 confessoris
1188 1269 1244 1344 in-

150 1399 287 1476 duerunt
304 1421 389 1476 eum
408 1401 575 1498 episcopi
594 1401 633 1475 in
651 1399 863 1493 dalmatica,
876 1405 914 1472 et
932 1398 970 1474 in
982 1397 1140 1496 pedibus
1156 1417 1242 1473 san·

150 1525 269 1601 duliam
287 1533 325 1600 et
341 1527 381 1602 in
400 1528 523 1625 capite
541 1525 748 1602 diademam
767 1526 813 1602 de
831 1547 922 1600 auro
941 1524 1245 1622 puroinponens

149 1659 178 1726 et
197 1652 395 1728 solenniter
421 1653 814 1728 commemoracionem
841 1651 996 1728 fecimus
1023 1673 1091 1748 pro
1120 1649 1244 1725 anima

148 1779 248 1876 ipsius
272 1779 462 1876 religiosi,
492 1789 529 1855 et
556 1779 769 1858 sacerdotes
796 1778 1004 1856 sacrificam.
1033 1801 1102 1876 pro
1121 1799 1187 1872 eo,
1207 1783 1245 1852 et

149 1927 241 1980 unam
258 1905 429 1982 markam
448 1907 537 1982 iecit
555 1929 600 1982 ac
618 1904 819 2002 mandauit,
838 1912 879 1980 nt
897 1904 1059 1997 offerant
1072 1903 1121 1978 ad
1138 1925 1242 1980 aram

149 2031 251 2108 crucis
278 2055 348 2130 pro
368 2053 424 2107 eo.
454 2031 505 2105 Et
532 2030 688 2129 posthec
713 2033 754 2106 in
780 2053 855 2106 rna
881 2031 1009 2106 tumba
1036 2051 1244 2105 marmorea
1275 2029 1283 2040 '

149 2157 392 2252 condiderunt,
420 2157 508 2254 quia
527 2181 549 2231 a
567 2157 734 2256 puericia
749 2159 859 2233 ”male
887 2163 1159 2233 consueuerant
1176 2177 1242 2231 no-

149 2305 346 2382 coerceam,
367 2293 406 2360 et
423 2307 572 2382 semper
591 2285 691 2360 omni
711 2307 807 2360 anno
826 2284 1017 2360 iaciebant
1027 2283 1242 2381 intempore

149 2411 414 2510 carnispriuium
433 2413 472 2488 in
490 2412 699 2511 principem
718 2411 988 2500 demoniorum,
1009 2416 1047 2485 ct
1064 2409 1113 2485 ad
1130 2409 1242 2486 lasei-

148 2537 230 2612 uiam
249 2545 442 2615 traxerant
461 2561 544 2614 eum
563 2539 700 2615 ancille
725 2545 812 2637 post
837 2537 1022 2614 dominam
1051 2535 1242 2612 Bornemi·

148 2685 236 2761 mne,
248 2665 342 2741 etad
360 2655 598 2742 corizandum
618 2665 800 2742 docebant
817 2687 891 2740 non
906 2663 954 2738 ad
967 2663 1240 2762 proteccionem

146 2811 236 2866 susm
262 2791 399 2889 Regni.
428 2791 480 2866 Et
509 2791 666 2868 delirum
691 2792 880 2868 faciebant
907 2790 1108 2890 optimates
1136 2787 1241 2864 Hun-

144 2939 303 3012 gsrcrum
320 2918 375 2993 ita
392 2919 508 3014 adeo,
538 2919 638 3017 quod
665 2939 785 3016 neque
814 2917 952 2994 dabant
975 2915 1048 2993 sibi
1067 2916 1161 2992 satis
1180 2935 1240 2991 co·

145 3043 288 3124 medere.
308 3043 394 3120 Scio
413 3045 551 3144 sepius,
573 3045 671 3144 quod
688 3067 818 3122 cenam
836 3067 911 3120 non
929 3043 1079 3140 hebuit,
1100 3048 1138 3118 et
1154 3064 1240 3142 pro·

142 3177 276 3248 uenum
304 3193 412 3248 suum
438 3172 535 3248 inter
565 3194 607 3250 se
635 3170 851 3249 diuidebant
878 3172 1088 3272 optimates.
1117 3170 1169 3246 Et
1186 3169 1241 3247 sic

144 3295 237 3375 inuit
254 3299 371 3374 vitam
388 3321 533 3398 pauper
551 3297 765 3376 Ludouicns
783 3297 878 3376 Rex.
1197 3317 1204 3327 ·

446 3603 777 3726 (castruino
796 3619 918 3726 xm).

231 3819 321 3898 dam
339 3819 367 3900 J
368 3843 525 3898 oannem
542 3819 742 3898 vaiuodam
768 3843 878 3899 mone
896 3819 971 3898 cito
989 3823 1184 3918 magnates
1202 3825 1241 3895 et

142 3946 271 4025 mbilcs
289 3953 400 4024 extra
417 3948 607 4025 ciuitatem
624 3949 664 4025 in
682 3947 821 4038 Hostat
839 3947 1058 4044 cougregati
1076 3947 1237 4024 fuerent.

143 4067 185 4146 Et
198 4073 289 4150 dixit
319 4071 532 4173 Stephanus
560 4075 763 4153 Verbwchi
790 4097 874 4152 cum
899 4091 1036 4170 magno
1063 4071 1240 4168 clangore

142 4193 274 4277 dicen:
309 4199 484 4298 „Domini
503 4199 703 4298 Euagon,
732 4221 840 4300 quem
866 4201 967 4277 ultis
988 4202 1068 4297 jam
1095 4197 1238 4294 Regem

142 4321 287 4420 habere,
317 4327 408 4425 quia
426 4327 598 4425 Regnum
625 4327 823 4426 Hungaric
840 4350 938 4404 nnnc
951 4329 1054 4426 jacet
1071 4325 1240 4402 desolata

144 4451 215 4528 rinc
248 4455 432 4551 regimine
467 4455 790 4551 gubernacionis.“
830 4455 984 4532 Nullum
1024 4453 1240 4530 nesciebant

142 4579 372 4676 proclamare,
393 4579 622 4659 solummodo
640 4581 826 4660 Jcannem
843 4579 1053 4658 vaiuodam.
1073 4580 1125 4656 Et
1141 4579 1239 4656 inter

143 4697 199 4778 hcc
215 4707 318 4782 venit
335 4704 380 4782 de
400 4703 606 4784 Germania
633 4707 833 4803 nunccius,
862 4713 899 4782 et
917 4713 1072 4807 portans
1089 4707 1237 4786 litteras
