3248 5210
1134 495 1208 576 109

116 699 286 796 p'ssiuurn
314 698 433 774 virum
461 697 616 773 militem
644 695 887 772 Franciseum
915 695 1019 774 Bodc
1039 718 1121 775 curn
1140 721 1209 774 suc

117 825 283 904 ratherus.
305 825 399 902 Post
417 848 482 902 ecs
502 845 652 900 currere
671 823 771 922 cepit
788 823 935 900 circiter
944 845 1057 922 super
1075 846 1209 922 equum

116 975 221 1048 suun,
241 959 279 1028 st
296 951 390 1028 duce
415 975 463 1027 ex
491 951 571 1028 illis
598 947 864 1048 apprehendit,
894 959 932 1026 et
959 950 1063 1026 duxit
1081 951 1129 1026 cd
1147 974 1208 1026 ca·

21 1127 22 1170 r
115 1087 197 1156 stcre
215 1101 378 1155 sucrum.
406 1078 458 1152 Et
475 1077 539 1154 isti
558 1083 692 1153 cuncta
710 1077 952 1174 predixerunt
970 1099 1093 1154 coram
1112 1077 1209 1152 mili·
1259 1095 1262 1102 ’

21 1177 22 1268 i
115 1205 217 1298 tibus;
245 1205 370 1280 adhue
396 1205 549 1304 insuper
575 1205 679 1302 ipses
709 1203 950 1280 donaueruut.
981 1204 1032 1280 Et
1050 1204 1108 1280 illi
1127 1226 1210 1281 cunr

21 1357 23 1424 t
116 1331 485 1430 persequeremur,
507 1331 689 1428 quiajam
708 1333 777 1407 sub
796 1330 869 1408 fide
887 1339 1004 1406 erant.

205 1455 369 1556 Cumque
388 1459 580 1536 stetissent
604 1459 700 1533 facie
719 1457 939 1564 adfaciem,
968 1457 1062 1534 dixit
1078 1464 1211 1557 postea

119 1581 264 1660 llelrnet
282 1583 359 1662 belr
378 1584 426 1659 cd
444 1584 585 1660 Perlrct
605 1611 614 1658 ε
638 1583 687 1681 „J
689 1608 768 1676 cm,
789 1583 955 1694 domine,
983 1582 1212 1660 aduenerunt

117 1709 223 1809 luppi,
250 1709 337 1786 vide
359 1713 439 1809 jem
467 1711 555 1808 quid
582 1711 701 1807 agis.“
724 1711 866 1787 Paulus
885 1710 1047 1788 vaiucda
1064 1709 1211 1808 quidem

21 1909 22 1912 c
116 1835 257 1911 tricenta
274 1835 420 1936 pedites
448 1837 612 1913 habebat
638 1839 707 1914 sub
727 1860 768 1914 se
788 1837 882 1912 etin
901 1838 1211 1915 vnasubrmbra

21 1983 22 2006 ¹
117 1963 192 2038 vifis
217 1963 453 2040 abditaucrct
478 1987 521 2042 se
548 1987 630 2040 curn
658 1963 838 2064 predictis
865 1963 1063 2062 peditibus.
1103 1961 1212 2056 Quod

22 2717 24 2792 l

22 2889 25 3046 l

116 2089 348 2166 intellexisset
366 2090 629 2187 Mehmetbek‚
649 2091 773 2168 adecs
790 2092 962 2188 cucurrit,
981 2099 1020 2168 et
1038 2113 1211 2188 maguam

116 2215 377 2294 rcnfliccicuem
412 2218 554 2295 Paulus
587 2219 700 2296 reida
736 2241 818 2296 curn
854 2219 1043 2316 Agarcnis
1069 2218 1211 2296 habuit.

117 2341 257 2420 Deuuur
275 2344 423 2420 'lutcus
441 2345 630 2443 preueluit
648 2367 725 2442 ecs,
746 2346 833 2443 quia
851 2369 941 2444 pars
951 2345 1113 2422 maxima
1131 2352 1213 2420 erat

117 2490 211 2566 quarn
228 2468 429 2566 Gristiaui3
449 2471 523 2569 ipsi
540 2471 698 2570 pedites,
718 2493 812 2568 gens
831 2469 1045 2567 Agarcnicc
1054 2469 1210 2568 equites.

118 2593 159 2668 Et
184 2619 307 2674 omnes
345 2597 551 2696 prostrauit
578 2597 631 2674 ibi
657 2596 705 2673 ad
732 2604 871 2674 terram
907 2594 1117 2674 Oristianos
1144 2597 1209 2692 ita,

117 2722 200 2817 qued
225 2725 342 2800 fertur
370 2725 532 2820 dixisse,
559 2724 657 2822 quod
683 2747 753 2801 nec
780 2725 947 2800 venisset
973 2747 1068 2800 uuus
1087 2723 1210 2800 dicere

116 2850 418 2947 comminuam,
447 2851 536 2947 quia
563 2872 749 2948 pauperes
777 2849 1013 2926 confidebant
1036 2850 1075 2925 iu
1095 2857 1212 2926 semet
1258 2839 1263 2848 ’

117 2973 217 3070 ipsos.
255 2974 330 3069 Qui
357 2977 499 3053 Paulus
527 2975 687 3054 vaiucda
722 2985 803 3052 erat
829 2979 899 3054 sub
927 2976 1074 3053 nornine
1101 2976 1212 3052 Pauli
1348 3035 1351 3046 .

117 3099 299 3200 dhonon,
328 3105 413 3200 qui,
442 3103 581 3179 dornini
600 3104 692 3200 mei,
719 3126 905 3202 nunquam
923 3103 1088 3180 habebat
1105 3126 1211 3202 sprc-

117 3228 314 3324 speritatem
334 3230 497 3326 nebullo,
517 3227 756 3328 postquam33
772 3227 777 3332 l
793 3230 980 3306 inbellum
994 3229 1212 3328 priusquam

117 3355 242 3432 exierat
260 3356 306 3432 de
331 3357 516 3452 claustro,
545 3363 711 3431 attamen
738 3357 777 3432 in
805 3357 938 3434 cucula
965 3355 1121 3433 cedebat
1144 3380 1213 3456 per

118 3480 202 3577 dies3
220 3505 332 3582 quum
352 3485 529 3582 scripturn
549 3491 617 3576 est,
637 3483 780 3560 duobus
800 3482 959 3559 dominis
969 3505 1044 3558 non
1055 3483 1210 3580 seruire,

25 3711 26 3720 Ν
118 3617 169 3683 aut
183 3632 293 3686 rnunr
313 3610 445 3714 diliget
472 3605 549 3686 aut‘
564 3611 722 3687 alterum
750 3617 972 3686 contemnet.
1003 3609 1073 3686 Isti
1103 3609 1211 3684 Hun-

118 3735 186 3826 rari
203 3736 240 3812 in
259 3761 335 3812 vua
354 3743 460 3812 nocte
479 3759 607 3852 seorso
636 3743 859 3836 acceperant
877 3737 926 3812 ad
944 3745 1086 3836 partem
1105 3734 1211 3812 Hun-

119 3864 219 3962 sarie,
239 3887 286 3940 en
306 3871 462 3962 utraque
482 3867 684 3965 imppetum
697 3866 848 3962 irerunt,
859 3871 897 3940 et
912 3889 1049 3962 magna
1066 3871 1213 3960 strages

120 3985 222 4066 iuerat
239 3991 337 4068 inter
355 4015 408 4067 se.
429 3991 723 4092 Decadjuuante
742 3991 916 4090 Hungari
934 3991 1210 4091 preualuerunt‚

120 4119 291 4196 dnultcs
310 4127 594 4218 prostrauerant
611 4121 659 4196 ad
676 4129 828 4216 terram,
852 4127 889 4194 ct
908 4119 1016 4196 vinos
1024 4117 1213 4216 principes

122 4239 244 4322 tinctos
261 4245 485 4344 habueruut,
507 4253 544 4322 ct
562 4245 767 4324 deteriores
785 4247 1062 4341 iuteremerunt,
1083 4249 1211 4321 etcum

26 4349 27 4362 Ν
118 4368 284 4472 triumphe
303 4397 440 4470 magno
460 4397 501 4450 se
521 4373 727 4469 habebant,
749 4379 786 4447 et
803 4373 954 4468 gracias
972 4371 1055 4446 Dec
1073 4371 1211 4445 relere-

121 4494 179 4572 tat.
204 4501 253 4576 Et
279 4501 344 4577 hic
370 4499 528 4576 victoria
555 4499 652 4577 idern
680 4495 912 4576 ann01522.
942 4498 994 4572 Et
1011 4499 1049 4573 in
1067 4519 1211 4596 pugne

122 4621 268 4705 cicuitus
287 4626 464 4726 dupliciis
491 4649 599 4703 nemo
617 4626 750 4703 habuit
767 4647 922 4720 nornen,
941 4631 1084 4700 tantum
1102 4624 1211 4723 quili-

124 4747 172 4824 bet
186 4777 248 4851 per
265 4777 321 4852 se,
341 4761 383 4830 vt
400 4753 483 4852 quis
500 4752 747 4854 percussisset
764 4750 1021 4853 principaliter
1039 4775 1158 4828 uerno.
