3238 5228
402 477 481 558 306

401 699 534 756 versus
552 674 709 775 Lippam
723 675 802 772 jam
821 673 1051 751 secundario.
1073 674 1124 749 Et
1139 675 1192 752 ibi
1204 675 1521 754 eoiamsolaoium

387 795 530 882 ‘habuit
547 803 586 878 in
604 801 745 879 duobus
763 799 989 877 ebdomadis.
1009 801 1061 875 Et
1079 823 1188 876 mane
1206 811 1422 880 surrexerat
1430 803 1521 880 Rex

398 930 444 1005 de
471 929 619 1028 Lippa,
651 927 819 1004 venimus
846 928 894 1003 ad
922 927 1097 1027 Kouazy
1123 929 1192 1004 sub
1221 935 1342 1004 monte
1373 929 1521 1008 Makra

399 1055 597 1155 oppidulus
615 1060 716 1150 erat,
746 1061 784 1129 et
810 1053 862 1130 ibi
889 1054 1202 1154 pernoctabimus.
1232 1055 1283 1130 Et
1301 1079 1410 1131 mane
1430 1081 1519 1134 sur-

400 1183 500 1259 rexit
525 1179 628 1274 Rer,
659 1187 739 1255 erat
766 1179 985 1257 Dominious
1009 1180 1088 1258 dies
1106 1181 1146 1256 in
1164 1181 1325 1257 aduentu
1344 1182 1518 1278 Domini,

399 1309 462 1386 vbi
498 1309 701 1384 cantabant
737 1309 903 1384 scolares
939 1307 978 1382 in
1014 1330 1159 1384 summa
1195 1309 1312 1384 missa
1348 1309 1519 1385 officium

403 1432 610 1531 „Gaudete
631 1433 764 1510 iterum
783 1433 865 1510 ffioo
883 1433 1078 1530 gaudete.“
1101 1435 1152 1509 Et
1167 1435 1264 1510 vnde
1282 1435 1520 1514 surreximus

401 1561 572 1636 venimus
596 1559 644 1635 ad
672 1557 858 1661 Symand,
888 1569 926 1635 et
951 1561 1003 1638 ibi
1031 1561 1151 1637 tribus
1178 1560 1309 1638 diebus
1327 1562 1515 1638 solacium

399 1687 531 1764 babuit
558 1709 627 1763 sua
653 1685 803 1764 Maitas.
838 1687 889 1761 Et
915 1687 959 1762 de
988 1685 1127 1788 Gywla
1156 1687 1350 1763 Emerieus
1371 1686 1519 1788 Oybalr

401 1838 476 1893 non
494 1815 597 1890 venit
614 1813 662 1889 ad
680 1814 843 1911 Regem,
874 1815 980 1913 quasi
1008 1817 1160 1890 tenebat
1186 1837 1269 1890 eum
1288 1821 1329 1888 vt
1353 1815 1515 1892 tradito-

399 1965 498 2036 rem,
525 1941 692 2018 sednon
719 1943 759 2017 in
785 1942 904 2037 iaeie;
934 1942 997 2039 qui
1025 1942 1264 2018 deuoeionem
1292 1942 1518 2020 ostendebat

398 2092 501 2147 more
519 2093 608 2166 suo,
638 2077 675 2144 et
698 2069 866 2146 baudem
893 2069 1096 2145 meditabat
1114 2070 1152 2145 in
1172 2069 1282 2146 eorde
1301 2092 1379 2146 suo.
1401 2071 1517 2148 Vnus

399 2196 507 2292 alter,
528 2203 566 2270 et
584 2197 740 2273 alterius
757 2219 832 2272 non
850 2196 1035 2273 credebat.
1066 2198 1117 2272 Et
1134 2198 1207 2273 iste
1225 2194 1381 2296 Oybak,
1411 2199 1516 2294 quod

396 2329 620 2418 peruenerat
638 2322 685 2396 ad
704 2345 877 2418 magnam
897 2323 1025 2397 villam
1054 2321 1192 2418 Soklo,
1222 2329 1353 2420 postea
1371 2321 1423 2398 ibi
1442 2348 1512 2400 ve·

396 2455 504 2524 uerat
521 2449 560 2523 in
579 2449 727 2526 obuium
746 2470 851 2526 suum
871 2449 1112 2546 Regiestatis.
1139 2450 1223 2546 Ego
1243 2449 1389 2546 quidem
1415 2475 1512 2549 pau·

396 2594 464 2672 per
490 2575 684 2652 latitabam
721 2597 843 2650 eoram
871 2597 915 2650 eo
943 2584 1094 2674 propter
1129 2573 1269 2672 Regem
1307 2575 1510 2672 Joannem,

396 2701 486 2798 quia
504 2723 575 2798 ego
599 2723 689 2799 sepe
716 2699 986 2795 redarguebam
1014 2701 1157 2798 ipsum,
1188 2699 1286 2798 quod
1313 2699 1411 2797 Regi
1439 2701 1468 2778 J
1469 2726 1510 2778 o·

394 2829 484 2903 anni
503 2851 577 2904 uon
594 2828 689 2903 bene
717 2828 877 2904 seruiret
900 2828 979 2924 jam
998 2827 1037 2902 in
1055 2827 1127 2903 fine
1155 2830 1204 2903 ab
1231 2827 1395 2902 inianeia
1424 2851 1508 2904 sua.

398 2955 449 3030 Et
467 2952 609 3050 Regem
628 2975 702 3029 uon
721 2953 889 3052 permisit
911 2953 960 3028 ad
989 2977 1112 3029 aroem
1138 2953 1195 3030 ire
1215 2951 1410 3053 Gywlen,
1441 2953 1510 3031 sed

397 3079 607 3177 hospicium
635 3079 733 3177 apud
769 3101 943 3175 parooum
971 3079 1139 3177 permisit
1166 3079 1327 3176 quietum
1354 3079 1508 3156 babere.

396 3203 455 3284 Ibi
473 3203 558 3280 Rex
575 3205 686 3280 valde
701 3205 914 3303 suspirabat
933 3206 971 3280 in
990 3229 1093 3300 nasu,
1116 3205 1215 3303 quod
1232 3228 1314 3281 eum
1329 3203 1411 3282 Rex
1426 3209 1508 3303 jam

396 3332 435 3407 iu
463 3331 698 3428 magnifieum
727 3333 894 3428 elegerat
932 3332 1142 3409 Emerioum
1179 3331 1336 3432 Oybak,
1365 3336 1504 3431 etjam

395 3459 508 3534 nimis
527 3465 608 3533 erat
625 3458 796 3554 ingratus
815 3465 944 3536 eontra
962 3459 1104 3556 Regem
1122 3459 1148 3536 J
1150 3483 1318 3535 oannem.
1350 3461 1401 3534 ut
1419 3458 1504 3536 Rex

395 3585 435 3660 in
464 3581 604 3685 Gywla
630 3585 782 3661 ciuitate
809 3586 975 3685 spacium
1003 3585 1185 3660 habuerat
1211 3585 1331 3662 tribus
1358 3585 1504 3662 diebus.

394 3711 503 3790 Vnde
531 3711 759 3789 surreximus
788 3713 956 3790 venimus
983 3712 1030 3788 ad
1059 3713 1188 3788 villam
1218 3711 1367 3808 Deahe,
1397 3721 1435 3789 et
1453 3713 1505 3790 ibi

394 3838 590 3937 prandium
608 3838 739 3915 babuit
756 3839 851 3915 Rex.

469 3963 521 4040 Et
537 3965 642 4040 venit
659 3965 707 4042 ad
724 3963 866 4062 Regem
886 3963 1169 4068 Vaywodiob*),
1189 3988 1297 4063 quem
1314 3953 1503 4066 priucipa-

393 4089 480 4166 liter
497 4091 649 4168 miserat
667 4095 736 4170 sub
755 4093 909 4168 Palotta
936 4115 1060 4167 aroem
1088 4115 1205 4190 prope
1223 4092 1358 4169 Albam
1378 4091 1503 4190 Rega-

394 4216 498 4312 liam‚
519 4224 562 4293 et·
574 4217 718 4296 Tereos
736 4219 881 4317 pedites
900 4218 945 4294 de
963 4217 1095 4295 oonkis
1113 4219 1369 4296 suisnauande
1389 4220 1503 4296 simul

393 4367 474 4420 eum
502 4343 650 4422 Momen
676 4345 804 4444 vajde,
834 4353 870 4423 et
896 4353 937 4420 vt
962 4345 1180 4423 Ladislaum
1208 4345 1313 4424 More
1342 4346 1388 4422 de
1413 4371 1502 4424 aree

393 4471 580 4571 eriperent
597 4471 759 4550 Palotta.
786 4473 837 4547 ut
855 4471 953 4548 inira
971 4471 1109 4550 mensis
1127 4473 1270 4550 duobus
1287 4493 1397 4572 super
1416 4497 1499 4551 eum

426 4753 458 4826 ⁹)
476 4735 590 4815 thetik
609 4759 715 4815 Lasaki
734 4759 863 4815 toronos
