3248 5210
1121 497 1194 576 129

16 799 17 808 Ν
109 699 226 778 domiui
251 697 437 797 vaiuode3'
463 721 562 800 unus,
587 695 778 794 Georgius
796 697 908 795 Besi,
928 699 1197 777 ulteriusBar-

108 827 295 905 tholomeus
314 825 482 902 Horwat.
511 813 564 902 Et
583 831 690 904 erent
707 823 818 900 valde
838 827 946 924 probi
965 826 1037 902 viri
1057 833 1094 902 et
1112 851 1198 904 eom·

16 959 17 964 '
108 955 209 1031 siliari
227 951 367 1030 domini
386 951 555 1049 vaiuode,
575 957 613 1027 et
631 973 702 1047 ego
722 973 805 1026 eum
823 951 891 1030 eis.
911 951 963 1028 Et
972 962 1202 1050 rogauerunt
1319 933 1323 942 ’

107 1105 162 1177 me,
178 1088 215 1155 vt
231 1081 303 1156 sim
322 1101 405 1176 eum
424 1077 479 1184 eis
498 1100 645 1176 semper
664 1076 703 1152 in
722 1075 904 1176 hospieio,
925 1079 989 1155 vbi
1005 1079 1198 1178 haberent,

16 1205 17 1242 ³
108 1217 193 1283 utne
211 1208 339 1304 ulique
358 1205 522 1304 suspirio
542 1211 643 1280 esset
660 1200 718 1304 iit
744 1202 792 1279 sd
810 1211 869 1280 me
889 1213 1006 1282 esset·
1025 1207 1077 1282 Et
1095 1209 1198 1284 veni·

16 1361 17 1368 ¹
106 1357 171 1411 mus
197 1335 233 1409 in
253 1331 411 1430 Agrium
431 1331 480 1408 ad
498 1331 660 1406 Paulum
679 1329 917 1430 episeopum3
946 1333 1011 1430 qui
1031 1334 1197 1412 eelebre-

107 1470 196 1538 uerut
222 1457 431 1560 primieiam
458 1479 564 1535 susm
584 1457 623 1533 in
641 1479 716 1532 vna
734 1457 953 1535 ieria'sexta
972 1459 1071 1559 apud
1089 1459 1196 1538 here·
1283 1499 1284 1504 Ν

16 1597 17 1634 ³
107 1589 260 1665 miterum
278 1587 401 1666 saneti
420 1585 531 1662 Pauli
550 1595 666 1686 supra
690 1585 834 1661 Budam
852 1586 1013 1683 legendo
1032 1589 1195 1666 solenni·

16 1697 17 1744 ³
104 1725 239 1794 erueret
265 1715 410 1793 Paulus
438 1713 580 1808 Verrii,
602 1713 748 1812 quando
767 1721 949 1790 venerant
976 1717 1085 1794 ambo
1114 1741 1197 1794 eum

104 1843 234 1923 Jouuue
261 1844 359 1922 Doei
387 1869 410 1919 a
438 1841 543 1940 Rege
572 1841 618 1918 de
645 1842 820 1920 Mohaoh.
857 1844 909 1918 Et
934 1845 1043 1942 grato
1072 1846 1196 1924 animo

16 1975 17 2018 ³
105 1981 301 2072 susceperat
338 1969 523 2051 Joumuem
560 1970 757 2048 vuiuodam
796 1972 833 2048 iu
871 1972 930 2048 die
968 1973 1063 2051 festo
1096 1977 1198 2053 beati

16 2103 18 2124 '
105 2095 264 2176 Demetrii
292 2099 478 2205 martiris,
507 2108 545 2175 et
571 2102 666 2176 bene
693 2100 981 2176 traetauiteum
1009 2099 1197 2179 domimum

16 2275 17 2300 1
104 2225 292 2303 minoium.
332 2207 443 2304 Vnde
480 2225 712 2303 surreximus
750 2249 859 2303 mame
886 2232 924 2303 et
949 2228 1083 2306 iterum
1112 2254 1195 2330 per·

16 2435 17 2458 N
105 2356 316 2432 uoeuuimus
345 2354 383 2430 in
411 2355 563 2454 opidulo
591 2353 792 2450 Hattwem3
814 2361 851 2430 et
868 2355 1032 2435 seeundo
1052 2358 1113 2433 die
1132 2381 1195 2434 ve·

16 2503 17 2574 t
104 2479 209 2560 rimus
237 2483 276 2558 in
313 2482 480 2581 profesto
519 2479 689 2560 omuibus
721 2488 934 2560 sanctorum
963 2482 1012 2559 ad
1039 2483 1194 2562 Budem.

104 2601 250 2708 Cumque
270 2607 551 2687 Busirem-Pesth
579 2616 716 2686 ertone
744 2609 914 2686 desolate
933 2619 1032 2707 eret,
1052 2619 1195 2690 tuntum

104 2741 230 2812 murata
247 2736 409 2812 fumaria
436 2737 679 2834 apparebant.
710 2736 761 2811 Et
778 2736 897 2812 multu
921 2737 1105 2815 cadauere
1124 2739 1195 2815 eir·

104 2863 331 2960 mmjoeentes
350 2885 417 2961 per
436 2861 541 2938 vicos
560 2870 598 2940 et
615 2863 763 2961 plateas
782 2862 828 2938 de
847 2863 1012 2961 etnicis,
1043 2865 1194 2962 quidum

103 2985 140 3061 ie
156 2987 384 3084 christianis,
413 2989 512 3086 quod
538 2989 698 3088 turpiter
720 2991 910 3088 jaeebunt.
941 2991 992 3066 Et
1019 3015 1195 3090 magnum

104 3113 222 3192 luteum
238 3123 458 3218 portauerut
476 3115 623 3193 domimo
643 3115 802 3193 vaiuode
826 3115 1060 3218 Gottirerdus
1080 3119 1193 3198 Kwn.

109 3235 249 3342 Cumque
276 3243 502 3322 intrauimus
520 3243 569 3319 ad
592 3267 715 3322 areem
744 3243 909 3338 Budam,
930 3252 967 3320 et
984 3251 1073 3322 tuno
1091 3245 1194 3325 iuue·
1323 3349 1325 3354 Ι

16 3373 17 3422 ἵ
109 3367 204 3447 rimus
222 3369 476 3448 Gotthardum
496 3369 598 3446 Kwn
616 3370 654 3446 in
674 3393 762 3448 eree
781 3371 899 3448 Budu.
929 3372 1013 3470 Ego
1033 3373 1193 3452 admire-

109 3491 158 3572 brr
171 3498 279 3575 taeito
300 3495 443 3592 mente,
463 3503 500 3573 et
518 3497 714 3596 prandium
742 3498 837 3576 horu
855 3499 1073 3598 vespertina
1091 3524 1195 3578 mam·

110 3617 318 3722 terruimus,
349 3631 386 3701 et
414 3625 467 3702 ait
494 3624 604 3720 mihi,
635 3624 733 3724 quod
755 3627 833 3724 jam
862 3625 992 3726 pransi
1027 3627 1193 3705 fuimus:

112 3745 221 3836 „Pater
257 3751 425 3852 Georgi,
464 3751 538 3828 iem
574 3751 815 3853 prouideutur
851 3753 898 3828 sd
932 3777 1127 3855 vesperem
1155 3762 1197 3832 vt

110 3879 275 3956 erutetis.“
292 3880 345 3956 Et
357 3903 493 3978 magno
512 3878 654 3958 honore
671 3881 823 3957 tenebat
841 3903 911 3974 me,
932 3880 1030 3979 quod
1047 3905 1195 3983 semper

110 3995 143 4074 ie
163 4003 323 4110 Thokay
361 4030 480 4106 usque
517 4006 564 4083 ad
593 4007 736 4084 Budam
764 4030 846 4084 eum
880 4007 963 4108 ipso
990 4008 1195 4088 habueram

109 4133 276 4222 prandium
295 4143 334 4212 et
352 4161 494 4213 cenem.
525 4135 575 4212 Et
603 4137 727 4214 seriba
759 4159 828 4214 sus
856 4160 1003 4236 semper
1022 4161 1080 4214 me
1098 4137 1194 4216 deri-

107 4249 194 4338 debat
218 4263 423 4352 Melehior,
452 4265 550 4364 quod
579 4266 695 4342 mein
714 4287 852 4363 magno
872 4265 1012 4343 honore
1031 4269 1192 4344 tenebat.

188 4388 338 4472 Interim
366 4394 585 4494 septemviri
612 4395 862 4489 intrauerunt,
883 4401 921 4470 et
939 4395 977 4470 in
996 4393 1096 4471 uluis
1115 4419 1192 4472 mu·

106 4509 192 4594 utus
207 4517 389 4598 hebentes
408 4519 566 4620 quilibet
584 4543 697 4599 vuum
715 4542 828 4598 vuum
844 4521 1191 4600 becumetoleuam.

107 4637 219 4723 Etviri
237 4647 494 4727 eminebantur
521 4649 634 4726 uelde
660 4671 820 4750 persone
848 4647 1045 4744 militaris,
1072 4655 1110 4725 et
1128 4643 1191 4726 do·

16 4855 17 4912 t
105 4767 203 4850 miuus
218 4773 322 4852 Kwu
340 4771 530 4853 Gottherd
549 4800 630 4854 eum
640 4778 696 4856 eis
705 4775 953 4874 introduoeme
973 4773 1186 4968 etaTuresli

16 4913 17 4920 Ν
144 4905 229 4956 mu
246 4915 319 4956 nure.
