3260 5226
323 441 326 446 “
377 465 457 546 aar

381 665 616 744 Debreoben.
647 663 793 744 Gleeau
822 663 969 760 quidem
998 662 1201 739 Ladislaos
1225 670 1307 738 erat
1325 663 1498 740 officialis

382 793 465 870 vioe
492 791 532 868 iu
559 789 799 868 Debreoben.
838 789 1089 882 Quamobrem
1125 789 1297 882 tenebat,
1329 783 1439 890 Μ’·
1463 797 1497 864 et

381 919 582 996 Ladislaua
610 915 757 994 Glesan
784 923 981 1015 aeeeperat
1008 916 1147 1012 volgum
1167 915 1496 992 Debreoinensem.

381 1047 433 1122 Et
458 1049 543 1145 post
570 1045 674 1144 ipsos
702 1043 828 1120 statim
857 1051 1072 1138 currerunt3
1103 1043 1170 1120 sed
1198 1066 1273 1118 non
1300 1047 1498 1141 potuerunt

380 1173 484 1272 ipsos
502 1169 699 1270 pervenire
717 1168 766 1244 ad
783 1167 920 1244 vadum
939 1167 1047 1246 'licie
1067 1168 1161 1280 eitra
1179 1167 1347 1265 Thokaj.

489 1297 540 1373 nt
566 1297 732 1397 potteuit
768 1295 871 1373 uiues
899 1303 983 1372 ooto
1011 1295 1085 1372 iste
1111 1301 1257 1372 astutm
1284 1293 1498 1370 ieronimus

381 1423 504 1500 Laoki
524 1423 572 1500 ad
591 1445 714 1500 areem
734 1421 939 1499 Kesmark.
962 1421 1013 1498 Et
1031 1429 1113 1498 erat
1130 1443 1247 1520 nepos
1266 1443 1372 1498 meus
1385 1421 1497 1519 judex

382 1550 633 1638 Pometiae,
654 1558 691 1626 et
710 1557 792 1626 erat
808 1547 1024 1626 baoulauius
1042 1547 1329 1642 Oraeouiensis3
1347 1555 1387 1622 et
1404 1547 1499 1622 alter

382 1677 477 1754 einis
505 1677 647 1776 optima
676 1699 839 1774 persona
866 1681 949 1751 erat
966 1673 1005 1750 in
1030 1674 1137 1750 senio
1155 1674 1348 1750 oonieetus
1366 1671 1500 1748 Ludis·

262 1895 264 1902 γ
382 1806 467 1882 laus
486 1801 668 1898 Hewlge3
697 1802 836 1878 tereius
859 1799 1028 1878 Thomas
1047 1799 1183 1894 Zwoh3
1213 1821 1284 1896 ego
1303 1799 1397 1878 istos
1415 1823 1498 1898 per-

383 1930 564 2008 sonaliter
595 1949 784 2006 noueram.
821 1927 969 2026 Ineepit
1006 1947 1115 2024 quem
1146 1950 1223 2004 seu
1253 1949 1388 2023 rogare
1418 1933 1500 2002 oeto

384 2056 488 2136 milio
515 2057 598 2134 ouri
627 2077 741 2155 super
769 2063 852 2132 ooto
880 2077 1062 2154 persone,
1092 2061 1130 2130 et
1155 2055 1228 2153 ipsi
1257 2057 1503 2151 neglexerant

384 2184 578 2262 duresco
604 2183 807 2282 promitere
835 2182 904 2259 eis.
934 2181 983 2256 Et
1010 2180 1121 2258 vaide
1149 2205 1335 2280 pauperes
1362 2182 1503 2262 flebant

289 2395 294 2426 ,
379 2313 458 2410 jam
477 2311 515 2386 iu
534 2309 765 2408 captiuitate‚
787 2319 825 2384 et
843 2311 1115 2386 nunoiaueront
1131 2309 1180 2384 ad
1200 2309 1443 2404 Debreohen‚
1464 2320 1503 2387 vt

383 2447 464 2516 tota
480 2438 714 2532 tbaxaretur,
736 2445 774 2512 et
793 2443 880 2535 post
897 2436 1002 2535 ipsos
1020 2433 1222 2512 deducetur
1241 2437 1290 2510 ad
1309 2437 1502 2516 Kesmarlr

386 2565 668 2664 quamprimum.
707 2559 821 2640 Ciues
858 2570 969 2640 auten
1007 2562 1151 2659 reliqua
1187 2573 1432 2646 euourrerunt
1459 2563 1505 2640 ad

385 2692 527 2790 Regem
563 2692 749 2770 Joonnem
776 2691 824 2766 ad
858 2690 1112 2784 Varadinnm‚
1153 2689 1251 2788 quod
1281 2691 1336 2768 sio
1363 2693 1507 2788 egisset

384 2820 620 2920 Vaywodioh
640 2841 723 2900 oum
741 2807 888 2895 dinibus
907 2817 1142 2894 Debreohen.
1154 2818 1238 2895 Rex
1248 2819 1301 2894 ait
1320 2845 1329 2893 r
1353 2819 1505 2916 „Quare

385 2947 600 3024 debuissent
617 2948 741 3046 ipsum
760 2947 961 3044 explorare
979 2945 1120 3020 thalem
1138 2945 1358 3022 latronem.“
1387 2947 1504 3022 Dixe-

386 3081 473 3152 runt
498 3071 555 3150 iili
575 3099 585 3148 ε
609 3072 740 3170 „Quod
768 3091 1004 3170 nequaqnam
1033 3070 1136 3148 aliud
1164 3069 1421 3150 debuissemus
1448 3075 1504 3150 ia·

387 3221 472 3276 oere
491 3201 662 3298 quoniam
689 3201 861 3276 timemus
881 3197 1024 3294 Regem
1044 3197 1187 3292 Tuam,
1208 3206 1246 3274 et
1264 3200 1424 3297 ipsum.“
1457 3201 1506 3276 Et

385 3325 467 3404 Rex
486 3329 628 3404 nullam
645 3330 781 3404 bonam
800 3326 1027 3403 relacionem
1053 3325 1290 3421 interaneis,
1320 3326 1386 3404 sed
1414 3351 1503 3404 oon-

386 3455 469 3532 iuse
497 3455 645 3531 inerunt
669 3456 720 3530 od
748 3454 906 3531 domum.
936 3453 986 3528 Et
1012 3453 1094 3550 ipse
1122 3450 1250 3528 eadem
1278 3454 1505 3532 reiaoionom

386 3580 557 3659 ieoerunt
582 3603 709 3660 eornm
728 3582 777 3658 ad
796 3579 1002 3658 Kesmark.
1023 3577 1375 3674 momordissent,
1406 3583 1506 3679 qood

388 3707 462 3808 ipsi
488 3708 562 3786 soli
590 3709 840 3809 personaliter
876 3707 1013 3784 debent
1047 3706 1261 3806 persoluere
1289 3715 1372 3784 ooto
1400 3710 1507 3789 milia

388 3855 544 3930 aureos,
570 3857 656 3912 mox
676 3857 771 3913 snus
789 3835 884 3912 oiuis
901 3841 1115 3930 egrotans,
1144 3857 1278 3910 nomen
1305 3829 1508 3914 Ladislaus

390 3960 521 4058 Zwlge
539 3961 619 4056 init,
639 3969 678 4038 et
694 3967 899 4062 postumam
919 3961 1103 4058 integram
1122 3959 1364 4038 ebdomadam
1383 3965 1507 4042 obitos

389 4089 528 4164 eratin
546 4111 635 4165 aree
652 4089 857 4166 Kesmark.
877 4087 927 4164 Et
944 4087 1383 4166 oiuesDebreohiuenses
1401 4091 1507 4167 adio·

389 4222 525 4294 aarum
543 4238 607 4294 eos
627 4239 708 4292 eom
728 4215 872 4294 duobus
900 4215 1001 4292 milis
1019 4213 1193 4309 florenis3
1222 4239 1288 4292 sex
1309 4217 1415 4294 milia
1433 4217 1506 4318 ipsi

389 4341 462 4418 soli
482 4341 637 4440 quilibet
654 4343 700 4418 de
718 4341 826 4418 domo
845 4365 915 4420 sua
931 4339 1022 4418 feeit
1040 4343 1276 4439 persoluere,
1297 4343 1419 4420 adhue
1437 4367 1507 4444 pro

390 4469 527 4545 moetei
545 4465 664 4545 mam
683 4468 901 4546 debuissent
927 4469 1156 4566 persoluere.
1186 4467 1245 4544 Ita
1271 4469 1422 4547 fuerant
1439 4493 1507 4572 per

390 4593 552 4671 absoluti
570 4593 616 4670 de
628 4613 744 4671 mauu
761 4593 885 4672 Laoki
906 4593 1011 4671 oiues
1029 4593 1342 4673 Dabrooinenses.

455 4799 460 4804 ,
498 4717 548 4794 Et
570 4719 627 4796 sio
653 4741 769 4819 super
797 4719 939 4814 Regem
967 4719 1153 4796 vindieam
1172 4729 1370 4823 eooeporat
1399 4724 1503 4825 Vay·
