3248 5210
419 473 470 549 86

422 671 553 768 Logod
570 669 618 772 ⁸¹).
649 673 700 746 Et
719 671 884 746 Mathias
904 669 1079 747 Bossnak
1107 679 1304 768 acceperat
1321 693 1433 744 vnum
1454 693 1535 750 ma-

419 821 533 895 gnum
561 801 727 892 luceum,
757 804 795 871 et
822 795 1034 872 Stomacum
1072 797 1228 894 implere
1256 798 1426 895 precepit
1453 819 1541 872 cum

423 927 651 1003 aromatibus
687 927 889 1025 preciosis,
928 934 965 1000 et
1000 927 1040 1000 in
1067 924 1183 1000 oroko
1221 931 1399 1022 posuerat
1434 927 1545 1002 solus

422 1077 616 1148 venenum,
637 1061 678 1128 vt
696 1053 908 1148 misceatur,
930 1060 967 1127 et
983 1055 1079 1129 bene
1099 1052 1306 1147 alligatum,
1329 1057 1369 1125 vt
1387 1075 1434 1126 ue
1453 1075 1543 1150 per-

323 1153 328 1182 *
423 1179 566 1254 foderet
594 1181 715 1255 cibum
745 1179 910 1254 totaliter·
937 1201 1006 1254 sua
1030 1178 1169 1272 virtus,
1190 1199 1237 1252 ue
1257 1178 1323 1252 alii
1342 1178 1545 1276 paciantur

422 1303 598 1402 mortem,
628 1307 748 1382 etsie
785 1305 981 1380 admodum
1019 1304 1149 1380 vltimo
1182 1305 1287 1380 solus
1314 1305 1473 1401 projecit
1503 1305 1545 1378 in

426 1434 552 1507 ollam.
583 1433 634 1506 Et
652 1455 817 1508 mensam
845 1431 976 1507 sedere
1004 1431 1173 1528 rogauit,
1194 1439 1232 1505 et
1250 1431 1452 1507 collocauit
1468 1431 1496 1507 J
1500 1457 1543 1506 a·

429 1561 560 1636 cobum
590 1559 805 1634 ademeram
833 1581 938 1634 suam
967 1565 1004 1633 et
1030 1554 1201 1658 mili(t)es
1237 1579 1326 1633 suos
1355 1557 1545 1632 similiter.

425 1684 547 1776 Quum
566 1687 724 1783 primum
743 1687 925 1761 ferculum
945 1685 1135 1761 dedissent
1154 1683 1202 1760 ad
1220 1707 1406 1778 mensam,
1426 1685 1544 1760 istum

425 1835 599 1909 magnum
627 1814 794 1908 luceum,
826 1813 997 1910 inprimis
1032 1813 1177 1910 accepit
1205 1819 1313 1888 extra
1342 1813 1544 1888 scutellam

426 1945 629 2016 stomacum
649 1939 768 2034 lucei,
790 1947 827 2014 et
844 1948 1023 2038 posuerat
1040 1940 1078 2014 in
1098 1940 1200 2016 disco
1219 1963 1299 2015 suo.
1321 1937 1420 2031 Quia
1439 1948 1544 2016 asta-

425 2089 553 2141 ueram
582 2089 673 2162 ego,
702 2067 774 2142 hoc
802 2068 986 2144 videbam.
1026 2067 1200 2140 Attamen
1236 2068 1431 2164 speciosus
1458 2075 1545 2143 erat

426 2201 555 2270 contra
575 2193 757 2268 Mathiam
777 2195 971 2289 Bossnak,
992 2196 1081 2292 quia
1099 2217 1180 2270 cum
1200 2194 1391 2292 Stephano
1410 2194 1546 2272 Batori

427 2343 600 2415 magnam
620 2322 823 2396 karitatem
842 2322 1029 2417 habebat;
1050 2322 1116 2398 sed
1134 2345 1208 2397 non
1218 2322 1323 2419 potui
1341 2343 1411 2396 nec
1429 2320 1546 2397 debui

427 2445 562 2520 dicere.
601 2445 676 2522 seo
704 2470 774 2543 ego
802 2449 913 2522 valde
946 2449 985 2523 in
1015 2452 1162 2524 turbam
1188 2447 1334 2522 Mathia
1363 2448 1545 2524 Bossnak

427 2572 627 2666 astuciam,
649 2572 739 2669 quia
758 2597 883 2670 nugax
904 2576 1013 2650 valde
1034 2597 1178 2673 pauper
1205 2575 1315 2671 quasi
1344 2575 1544 2651 semitatus

428 2700 491 2772 vel
510 2699 731 2775 furibundus
750 2700 821 2777 iste
850 2701 1025 2778 Bossnak
1044 2701 1223 2798 Mathias,
1243 2703 1340 2778 inter
1359 2703 1544 2777 sermoni-

426 2829 497 2902 bus
512 2827 550 2900 in
568 2828 670 2904 diseo
690 2851 772 2902 cum
792 2829 945 2904 cultello
965 2851 1032 2904 suo
1052 2830 1091 2902 in
1110 2829 1230 2905 medio
1249 2829 1385 2906 scindit
1403 2835 1544 2903 stoma·

325 2955 328 2968 '
433 2977 515 3027 oum
535 2954 644 3046 lucei,
666 2961 703 3027 et
721 2962 864 3050 partem
883 2954 1040 3052 projecit
1059 2955 1096 3027 in
1116 2953 1218 3030 diseo
1237 2954 1264 3031 J
1266 2954 1371 3030 acobi
1391 2953 1544 3054 Banffy,

429 3084 466 3150 ct
485 3085 566 3152 erat
584 3077 687 3152 intus
712 3080 822 3154 valde
850 3081 954 3155 rubei
984 3080 1120 3156 coloris
1145 3081 1252 3176 quasi
1272 3103 1346 3155 nou
1363 3082 1459 3156 bene
1479 3105 1544 3155 co·

428 3211 537 3278 ctum.
558 3204 609 3277 Et
626 3205 707 3300 ipse
726 3205 893 3282 Jacobus
913 3207 1049 3306 Banffy
1068 3207 1207 3282 intueu.
1220 3207 1268 3282 ad
1280 3207 1418 3283 milites
1436 3227 1542 3297 suos,
1584 3269 1589 3282 .

431 3327 646 3426 Stephanus
666 3329 789 3405 Bothe
807 3331 954 3407 dicebat
974 3361 982 3406 :
1007 3333 1190 3428 „Domine
1201 3357 1275 3408 nou
1285 3331 1373 3434 (est)
1391 3335 1544 3428 bouum,

430 3455 536 3530 abice
565 3455 610 3529 de
638 3455 711 3529 te.“
744 3457 832 3555 Ipse
860 3460 1009 3553 quidem
1047 3460 1246 3556 deglutiuit
1279 3460 1475 3552 adaucter,
1508 3469 1547 3534 et

428 3589 597 3657 recenter
624 3585 761 3658 bonurn
791 3585 917 3659 viuum
944 3586 1111 3680 biberat,
1142 3594 1179 3660 et
1206 3587 1244 3662 in
1262 3585 1420 3684 prandio
1439 3587 1546 3661 laute

431 3709 676 3805 perfecerunt.
698 3708 790 3809 Ψ·
815 3710 888 3786 Sed
908 3711 1075 3788 Mathias
1101 3713 1276 3789 Bossnak
1295 3714 1333 3788 in
1352 3713 1454 3788 disco
1475 3736 1546 3788 suo

429 3836 641 3932 porcionem
668 3861 774 3914 suam
811 3841 930 3915 noluit
967 3841 1180 3936 comedere,
1211 3841 1278 3918 scd
1306 3849 1413 3916 extra
1441 3841 1548 3916 dedit

431 3963 633 4038 secretario
652 3985 731 4057 suo,
749 3963 1018 4061 quiaillebene
1029 3966 1140 4042 sciuit
1158 3969 1362 4065 practicam
1381 3967 1545 4066 prandii.

430 4197 736 4212 mnu-...-

467 4307 498 4370 Ἴ
519 4305 546 4362 Α
566 4305 664 4360 czerud
684 4305 755 4360 keac
780 4325 834 4378 egy
863 4309 1011 4366 melle'kelt
1038 4311 1158 4382 papiron
1182 4331 1188 4363 :
1212 4309 1367 4372 „lllatthics
1397 4309 1547 4381 Bosuyalr,

430 4391 507 4465 prior
525 4395 560 4448 de
581 4395 681 4467 Logod
700 4405 761 4451 erat
792 4397 920 4453 Ladislai
949 4399 1038 4470 Regis
1058 4399 1153 4455 saffirr.
1177 4401 1280 4454 Postea
1299 4401 1323 4454 ei
1345 4399 1405 4454 Ber
1424 4401 1551 4456 dederat

430 4483 586 4556 prioratum
624 4487 777 4554 Aurauue3
808 4490 855 4558 qui
886 4491 1030 4559 prioratus
1063 4493 1138 4560 quod
1167 4507 1225 4544 non
1253 4489 1311 4544 fuit
1339 4490 1424 4545 datus
1456 4489 1550 4544 Paulo

430 4573 553 4645 Tommj,
574 4575 742 4647 desperatus
762 4581 873 4648 accepit
892 4579 1019 4635 habiturn
1039 4579 1194 4636 Francisci.
1218 4579 1300 4636 Tunc
1318 4584 1413 4635 autem
1435 4580 1458 4633 is
1472 4579 1549 4636 Pau·

430 4663 476 4718 lus
495 4669 557 4720 erat
576 4667 698 4722 rcruitor
726 4668 917 4725 Bornamisse.
947 4669 976 4726 lc
996 4669 1135 4726 Matthias
1163 4673 1226 4724 erat
1253 4669 1336 4724 homo
1356 4667 1497 4725 disolutua
1517 4673 1553 4723 et

430 4753 665 4809 mantuanusfl
