3294 5208
408 449 458 529 18

405 649 444 724 in
462 651 615 726 fratrem
634 648 973 746 suumsuseiperet.
997 646 1120 746 „Quia
1129 655 1167 724 et
1174 649 1244 728 tibi
1263 649 1347 726 Rex
1357 647 1526 725 Mathias

407 777 578 854 dominus
597 797 702 854 meus
730 776 842 852 valde
870 775 1067 854 beniuolus
1095 784 1219 854 estet
1246 777 1382 854 esset.“
1415 776 1526 851 Dixit

407 904 593 1001 officialis,
617 902 799 1000 quomodo
818 904 981 980 bonatus
999 901 1373 980 Naudor·Albensis:
1406 901 1524 1000 „Tibi

406 1033 487 1108 vult
505 1031 594 1108 dare
623 1031 663 1106 iu
691 1028 890 1128 Hpngaria
917 1029 1006 1106 illas
1033 1051 1140 1106 aroes
1168 1037 1207 1106 et
1227 1031 1422 1126 ciuitates,
1451 1051 1524 1126 que

406 1159 562 1236 dederat
589 1157 674 1232 Rex
704 1155 966 1252 Sigismundus
994 1161 1129 1232 atauus
1153 1177 1267 1254 suus;
1296 1155 1526 1234 solummodo

406 1295 448 1362 vt
478 1309 583 1364 esses
612 1284 647 1360 ei
674 1282 805 1360 fidelis
827 1289 864 1360 et
891 1281 1002 1358 fidem
1036 1289 1139 1360 tuam
1174 1283 1391 1382 porrigeres
1426 1283 1524 1380 sibi3

406 1437 516 1512 quum
536 1413 570 1490 si
589 1413 713 1512 posito
722 1433 813 1490 oasu
822 1411 940 1488 vellet
957 1410 1130 1488 obsidere
1148 1433 1274 1487 aroem
1284 1411 1454 1507 Zendpro
1465 1408 1523 1512 ll,

405 1550 447 1618 vt
463 1543 499 1616 ei
526 1540 575 1616 ad
602 1562 734 1618 manus
761 1539 907 1616 (lares.“
939 1538 1047 1616 Dixit
1065 1537 1422 1616 Tureusoflioialis:
1455 1536 1523 1635 „si

405 1671 480 1746 iste
508 1667 591 1744 Rex
621 1666 889 1764 Hungarorum
924 1664 1035 1742 fidem
1073 1689 1180 1743 suam
1206 1667 1297 1742 mihi
1328 1667 1369 1742 iu
1386 1665 1526 1742 litteris

293 1783 299 1796 ’
405 1796 484 1872 suis
503 1795 670 1890 donaret,
690 1801 729 1870 et
746 1801 888 1870 oertum
906 1815 965 1868 me
983 1793 1126 1870 faoeret
1144 1815 1255 1891 quam
1274 1797 1520 1894 peroptime.“

406 1923 574 1998 Banatus
592 1919 771 1996 videlieet
788 1919 903 2016 Naglr
932 1917 1062 1996 Simon
1080 1921 1208 1996 statim
1226 1941 1423 1998 ooourrere
1439 1941 1526 1998 sese

406 2049 551 2148 aoeepit
568 2049 616 2125 ad
634 2047 778 2145 Regem
798 2053 836 2122 et
852 2047 982 2124 taliter
1009 2045 1108 2146 Regi
1136 2049 1335 2125 iabulauit.
1364 2049 1416 2124 Et
1442 2045 1526 2122 Rex

405 2176 516 2254 valde
535 2175 756 2272 gratulauit,
776 2175 902 2251 subito
921 2175 1070 2252 litteras
1088 2175 1354 2252 donaoionales
1364 2174 1526 2250 detenta

406 2303 660 2404 possessione,
689 2324 761 2400 que
780 2299 928 2399 predixi
946 2323 1028 2376 oum
1048 2303 1175 2378 aureis
1193 2301 1365 2403 syllabis,
1385 2307 1423 2375 et
1443 2303 1524 2398 jus-

406 2433 456 2510 sit
474 2429 583 2505 fidem
611 2451 719 2524 suam
747 2427 874 2503 'Puroo
892 2427 1074 2504 vaiwode.
1104 2429 1156 2504 Et
1173 2429 1321 2506 litteras
1347 2427 1524 2504 donario·

407 2556 515 2634 uales
541 2553 663 2650 Regie
691 2551 905 2650 Majestatis
923 2553 1039 2648 Nagh
1067 2551 1195 2630 Simon
1222 2555 1468 2655 presentabit,
1488 2561 1527 2630 et

406 2673 757 2760 Turous'offioialis
783 2680 927 2779 mande
962 2681 1168 2778 gratulauit
1194 2706 1263 2782 pro
1299 2682 1525 2762 (lonaoioua-

405 2813 496 2887 lium
524 2809 679 2886 litteris:
713 2806 900 2908 „Rursum
928 2831 995 2884 eas
1023 2808 1072 2884 ad
1099 2809 1263 2906 Regem,
1293 2817 1331 2885 et
1348 2817 1528 2910 preparet

395 2963 448 3017 se
476 2959 589 3036 quam
617 2936 828 3035 peroptime
857 2936 954 3012 olam
986 2958 1069 3012 oum
1106 2935 1289 3014 bellicosa
1325 2959 1449 3032 arma,
1488 2944 1527 3012 et

405 3065 628 3142 festinanter
658 3061 789 3137 veniat
825 3062 1125 3161 quamprimum
1154 3063 1346 3158 obsidere,
1384 3063 1473 3160 quia
1492 3063 1525 3140 si

406 3191 577 3268 dominus
595 3211 701 3264 meus
719 3187 930 3266 'Puroarum
949 3187 1069 3268 Cesar
1088 3190 1137 3266 ad
1154 3191 1322 3288 quintum
1341 3189 1525 3266 deoimum
1564 3287 1573 3296 ·

409 3338 569 3395 menon
596 3315 829 3413 adjuauerit;
857 3323 895 3390 et
912 3322 1000 3390 tuno
1026 3338 1151 3392 aroem
1178 3315 1347 3414 Zendprp
1375 3317 1424 3393 sd
1445 3341 1524 3394 ma-

135 3445 145 3462 '
256 3485 260 3490 ·
406 3469 477 3522 nus
505 3447 587 3543 ejus
615 3441 779 3518 mitam.“
812 3441 954 3522 Iterum
980 3443 1143 3522 banatus
1170 3443 1283 3543 Nugh
1311 3443 1445 3522 Simon·
1461 3467 1534 3522 ou·-

407 3571 523 3648 ourrit
541 3571 591 3646 ad
608 3569 764 3670 Regem,
785 3577 823 3648 et
840 3569 939 3670 Regi
964 3571 1035 3648 tali
1053 3571 1161 3648 modo
1179 3594 1305 3649 eoram
1323 3571 1420 3648 faeie
1438 3593 1525 3672 pro·

401 3698 623 3795 nnnoiavit;
652 3705 691 3774 et
708 3697 792 3774 Rex
811 3697 967 3796 gavisus
986 3705 1044 3776 est
1061 3705 1165 3776 tanto
1184 3700 1343 3776 mollius.
1372 3699 1425 3775 Et
1442 3697 1526 3774 Rex

407 3825 574 3904 Mathias
592 3825 759 3903 seribere
777 3826 868 3902 lecit
885 3825 1067 3926 epistolas
1084 3827 1290 3924 regnicolis
1307 3826 1401 3922 suis,
1420 3825 1525 3901 vide·

405 3954 496 4030 lieet
513 3953 763 4052 magnatibus,
782 3951 1000 4048 baronibus,
1020 3953 1211 4032 nobilibus
1229 3960 1267 4029 et
1278 3952 1525 4050 ignobilibus,

407 4090 445 4156 et
463 4080 688 4158 officialibus
717 4079 806 4177 suis,
827 4087 870 4156 vt
887 4080 1046 4180 quilibet
1072 4103 1157 4158 sese
1187 4087 1362 4163 exeroeat
1379 4079 1428 4155 ad
1444 4079 1525 4155 bel-

256 4285 260 4296 ,
405 4209 495 4305 lum,
529 4207 616 4306 quia
643 4208 683 4282 iu
710 4205 818 4284 brevi
846 4217 1013 4308 tempore
1040 4207 1141 4284 viam
1169 4207 1255 4282 volo
1282 4207 1524 4304 perlustrare.

406 4335 457 4410 Et
491 4333 635 4412 iecerat
670 4333 800 4410 faeere
819 4341 993 4432 quattuor
1029 4358 1138 4434 sepes
1175 4332 1224 4408 ad
1251 4333 1448 4412 castellum
1475 4332 1525 4408 ad

405 4459 559 4540 fluuium
587 4461 699 4540 Ister.
729 4459 900 4560 Oumque
927 4462 1166 4562 peruenisset
1191 4458 1241 4536 ad
1268 4459 1525 4538 Zalonkemen

407 4609 491 4664 oum
516 4595 628 4684 geute
657 4610 807 4684 magna,
837 4594 876 4663 et
903 4589 1048 4666 classes
1074 4607 1280 4688 preparare
1306 4585 1451 4665 ieoerat
1476 4586 1526 4662 ad

407 4733 541 4812 aquam
560 4712 660 4792 Ister
677 4713 794 4813 plena
812 4735 895 4792 oum
914 4711 1077 4812 ingeniis
1094 4711 1267 4792 diversis.
1312 4721 1320 4744 '
