3238 5228
395 487 474 566 260

393 689 543 765 fuimus.
563 689 613 764 Et
622 687 802 764 Traoiani
822 689 867 764 de
886 687 1097 790 Raohkevy
1115 685 1300 765 venerunt
1310 689 1358 765 ad
1367 687 1515 786 Regem

398 815 583 892 Joannem
604 837 687 890 oum
706 815 917 892 muneribus
938 815 1136 892 observan.
1155 821 1194 889 et
1216 821 1359 914 potem,
1388 821 1431 890 vt
1457 815 1517 890 eis

394 941 521 1040 aliqua
540 941 807 1041 impedimenta
825 964 870 1016 ne
891 942 1064 1017 obrueret
1083 963 1160 1016 eos.
1183 941 1233 1014 Et
1252 941 1337 1017 Rex
1355 941 1512 1040 eisspo·

391 1068 540 1166 pordit,
560 1075 601 1142 vt
618 1091 665 1144 ne
683 1069 869 1145 timerent.
891 1069 941 1144 Et
960 1068 1044 1144 Rex
1063 1068 1292 1164 interrogari.
1313 1092 1388 1164 eos,
1411 1069 1514 1167 qnod

392 1195 425 1270 si
444 1195 588 1292 aliquid
606 1217 714 1270 nowa
734 1194 937 1271 audissent.
959 1195 1011 1270 Et
1029 1194 1203 1270 dixerunt
1223 1223 1231 1268 :
1266 1193 1373 1292 „Hoo
1402 1195 1510 1271 audi-

390 1321 531 1418 uimus,
572 1322 668 1418 quod
707 1321 1077 1398 Themesuarienses
1123 1321 1196 1396 oito
1243 1343 1508 1420 precursorem

391 1445 569 1526 miserunt
586 1455 672 1547 post
692 1449 935 1526 Valentinum
956 1447 1148 1524 Therek.“
1171 1445 1237 1522 Ait
1256 1446 1367 1524 Rex:
1391 1446 1505 1544 „Non

390 1575 571 1670 credatis,
591 1575 681 1672 quia
695 1577 773 1673 Jam
792 1575 875 1674 ipse
893 1581 952 1650 est
969 1576 1190 1651 verberatus
1219 1597 1287 1673 per
1315 1574 1506 1651 Valaoum

389 1701 607 1796 vaiwodam,
629 1707 666 1776 et
681 1703 763 1798 jam
782 1723 857 1776 non
876 1701 1058 1798 presumit
1076 1709 1204 1777 eontra
1222 1723 1282 1776 me
1301 1700 1389 1798 quid
1409 1699 1504 1800 Ἦν·

389 1849 499 1922 quam
518 1829 667 1924 agere.“

494 1953 544 2028 Et
581 1975 627 2029 ex
650 1955 820 2051 jussione
863 1952 1018 2030 Cesaris
1047 1952 1130 2029 Rex
1159 1951 1269 2029 valde
1297 1953 1505 2030 festinabat

386 2100 518 2156 versus
528 2078 683 2176 Badam;
704 2102 863 2177 eumque
873 2079 1257 2178 appropinquanimus
1267 2078 1316 2153 ad
1326 2075 1503 2174 Gabaon,

387 2210 522 2280 extunc
545 2205 649 2280 venit
677 2205 845 2281 Thomas
870 2203 1040 2281 Nadasdi
1068 2203 1114 2280 de
1142 2227 1228 2281 aree
1257 2203 1384 2300 Buda;
1413 2205 1504 2302 quia

383 2337 506 2433 ipsum
535 2333 757 2436 permiserat
774 2331 858 2408 Rex
876 2329 1136 2408 Fordinandns
1164 2333 1202 2406 in
1230 2354 1391 2431 persona
1418 2355 1501 2420 sua,

388 2459 473 2536 dnm
492 2459 531 2536 in
550 2460 700 2536 erilium
721 2460 862 2536 fecerat
882 2459 927 2534 de
946 2458 1145 2556 Hungaria
1164 2457 1284 2533 adhue
1303 2457 1388 2534 dum
1408 2461 1503 2536 sori-

385 2590 629 2665 hebantanno
652 2586 766 2666 1527.
787 2589 839 2662 Et
856 2586 1023 2664 Thomas
1042 2586 1153 2662 valdo
1171 2585 1411 2663 tremefactus
1419 2586 1492 2662 fue·

383 2724 461 2809 rat,
481 2713 580 2812 quod
599 2711 718 2790 Cesar
736 2714 862 2790 veniet
890 2713 929 2788 in
958 2712 1141 2789 auxilinm
1168 2735 1275 2789 suum
1303 2711 1402 2809 Regi
1431 2711 1498 2788 Jo-

384 2841 504 2918 annis.
516 2843 574 2916 ·Et
592 2840 676 2916 Rex
695 2863 770 2916 non
789 2839 902 2916 dabat
921 2840 956 2914 ei
974 2841 1118 2916 nullum
1137 2861 1369 2938 responsum,
1382 2861 1500 2936 quare

378 2971 458 3066 jam
475 2970 535 3046 bis
552 2968 768 3067 prodiderat
785 2991 880 3045 eum.

488 3094 539 3169 Et
549 3093 763 3193 Stephanus
782 3094 898 3171 Bator
917 3101 998 3170 erat
1015 3095 1054 3169 in
1073 3115 1159 3169 aree
1179 3089 1495 3170 Budaresidiens.

383 3219 506 3314 Quum
526 3221 754 3318 audiuisset‚
776 3221 874 3320 quod
893 3219 1012 3298 Cesar
1031 3221 1149 3297 creuit
1167 3245 1209 3297 se
1233 3243 1316 3296 oum
1344 3221 1497 3318 agmina

382 3371 471 3444 sua,
493 3355 530 3426 et
548 3351 587 3424 in
605 3349 1025 3450 Zerem-Vylakoastra
1044 3357 1204 3426 metatus
1221 3349 1357 3426 fuisset
1374 3345 1497 3428 Cesar

382 3474 610 3572 Turoarnm,
630 3478 779 3553 morde
806 3477 912 3552 Bada
940 3477 1127 3553 exiluerat
1156 3476 1337 3553 adversus
1364 3475 1495 3554 Fordi-

380 3603 540 3680 nandum
579 3603 740 3682 Vienam
778 3604 969 3703 palatinus
997 3603 1134 3700 Bator,
1165 3611 1202 3680 et
1228 3603 1282 3679 ita
1309 3603 1495 3681 Thomam

382 3727 543 3806 Nadasti
561 3731 784 3829 permiserat
802 3731 842 3806 in
860 3731 985 3829 speeie
1005 3750 1086 3824 saa,
1118 3736 1156 3802 vt
1183 3728 1386 3828 imperaret
1411 3739 1493 3807 tau·

380 3875 491 3952 qnam
509 3855 700 3954 palatinus
720 3855 847 3932 Bator.
868 3855 1035 3932 Thomas
1055 3853 1216 3932 Nadasti
1244 3853 1342 3952 qnod
1370 3855 1488 3934 vidis·

377 3986 434 4056 set
452 3977 600 4078 Regem
620 4003 713 4077 erga
731 4003 774 4056 se
792 3979 939 4076 durum,
960 4003 1034 4056 non
1053 3987 1251 4079 aooeperat
1269 3980 1317 4056 ad
1335 3981 1489 4060 mutian-

376 4105 482 4201 dnm,
515 4105 582 4182 sed
601 4129 687 4182 mox
706 4103 817 4184 flexis
841 4105 1000 4204 genibus
1027 4105 1199 4204 apedian.
1228 4128 1355 4183 ooram
1382 4107 1489 4206 Rege
1596 4211 1597 4216 Ν

375 4233 541 4329 graciam
559 4234 711 4331 petebat
739 4231 854 4331 capiti
886 4251 966 4308 suo.
996 4231 1119 4308 Valde
1147 4233 1368 4330 perterritus
1396 4243 1489 4330 erar,

376 4365 412 4432 et
421 4359 621 4459 spopondit
639 4357 747 4458 Regi,
768 4359 867 4458 quod
885 4361 918 4436 si
928 4358 1100 4436 obsidere
1118 4359 1174 4435 vlt
1192 4381 1316 4436 aroem
1333 4359 1488 4460 Budam,
1594 4409 1595 4421 ι

374 4495 510 4562 extune
532 4485 661 4564 reddet
688 4488 724 4563 ei
753 4487 896 4564 Budam
926 4507 1050 4564 aroem
1078 4487 1159 4563 sine
1186 4485 1372 4564 oonfliotu.
1407 4487 1488 4567 Rex
1593 4513 1594 4521 ¹

374 4611 466 4688 vidit
483 4635 589 4690 suam
608 4611 933 4712 depreoaoionem,
953 4613 1129 4690 misertus
1147 4619 1230 4690 erat
1257 4611 1292 4706 ei
1320 4636 1420 4712 mor,
1452 4631 1489 4692 et

368 4738 480 4844 jussit
516 4737 551 4816 ei
579 4735 683 4834 Rex,
722 4749 763 4816 vt
790 4740 863 4817 iret
890 4741 1024 4818 iterum
1061 4740 1110 4814 ad
1147 4763 1270 4817 amem
1309 4741 1483 4820 Budam:
1590 4785 1591 4823 t
