3248 5210
402 455 478 544 les

506 655 661 734 Interim
689 651 813 730 Bositt
839 651 985 730 Radioh
1017 653 1273 734 destinauerat
1301 656 1374 734 sibi
1403 671 1523 734 vnnm

400 784 566 862 Tereum
585 783 712 858 vinnm
731 805 815 858 enm
834 783 933 858 omni
961 791 1147 882 apparatu
1166 807 1257 881 sno,
1287 785 1388 861 etde
1407 787 1524 864 turba

400 910 617 988 'Furoalinm
636 931 750 986 vnum
769 916 883 1007 eaput
900 931 1076 1005 magnum
1095 912 1299 1011 serpentis3
1319 912 1418 1009 qnod
1436 913 1523 990 lon-

399 1037 529 1134 gitudo
558 1042 639 1113 erat
668 1043 782 1134 eaput
809 1041 984 1133 serpente
1012 1059 1082 1134 per
1109 1037 1203 1114 dnos
1229 1038 1405 1137 palmites
1432 1041 1522 1115 mei.

399 1167 495 1242 Erat
512 1162 699 1242 horrenda
716 1183 789 1258 res,
810 1169 848 1238 et
866 1162 1015 1240 Terens
1034 1163 1174 1264 incepit
1191 1163 1405 1262 1111111111,
1425 1187 1523 1263 qno-

399 1292 508 1368 modo
527 1297 628 1368 esset
655 1291 828 1384 inventa,
849 1295 887 1364 et
914 1289 1097 1388 quomodo
1116 1289 1314 1368 interiecta
1331 1315 1399 1392 per
1418 1291 1523 1369 Tur·

400 1443 465 1496 eos
483 1419 630 1519 pedites
658 1417 833 1512 cesaris,
864 1437 935 1514 que
954 1415 1124 1493 Janieeri
1149 1415 1305 1494 Cesaris
1327 1417 1414 1494 dum
1430 1442 1523 1516 per-

398 1553 531 1642 gerent
547 1567 616 1643 per
634 1557 779 1641 oprtet,
799 1541 872 1618 hoe
891 1548 949 1618 est
966 1541 1116 1620 deserta
1134 1543 1318 1621 silvarum
1336 1543 1524 1622 adversus

399 1673 571 1750 Vienem.
593 1672 644 1746 Et
655 1676 807 1771 ceperat
825 1670 1005 1746 camellos
1024 1671 1289 1767 contribulare,
1309 1679 1347 1748 et
1366 1673 1522 1750 camelli

399 1801 603 1899 perterreri
622 1802 670 1876 ab
691 1822 749 1874 ee.
779 1798 831 1872 Et
858 1797 913 1874 sio
939 1797 1085 1897 pedites
1113 1797 1337 1895 Jagniohari
1356 1823 1439 1875 eum
1456 1800 1522 1898 pi-

403 1928 554 2005 xidibus
573 1927 734 2024 sagitan.
762 1924 1052 2001 interemissent.
1080 1924 1194 2001 Illum
1222 1925 1387 2002 Turonm
1405 1924 1548 2006 desti.

401 2055 507 2130 nauit
534 2055 582 2130 ad
609 2053 796 2149 Reginam
821 2051 981 2128 Mariam
1000 2053 1200 2130 Viennen..
1230 2053 1282 2128 Et
1300 2051 1449 2148 Regina
1478 2052 1523 2126 in

399 2182 536 2258 litteris
556 2181 745 2258 scribebat
757 2180 849 2276 jam,
870 2177 1058 2254 dominum
1076 2179 1157 2256 iore
1175 2201 1244 2278 pro
1263 2201 1309 2254 ea
1327 2177 1524 2254 dominum
1553 2191 1557 2198 '

399 2309 561 2384 vaiuoda
580 2307 629 2382 11
647 2305 794 2382 modum
821 2305 979 2382 maritus
1005 2304 1110 2400 fitet3
1139 2305 1206 2382 sed
1233 2303 1407 2382 dominns
1434 2305 1523 2380 rai-

397 2433 495 2510 uoda
513 2453 749 2530 nequaqnam
766 2431 897 2506 voluit.

679 2791 1013 2898 (1111111111
1040 2793 1246 2900 mm.)

504 3071 644 3146 Postea
662 3066 707 3142 de
726 3067 881 3166 'Phokaj
910 3069 1028 3146 mouit
1045 3091 1087 3146 se
1106 3069 1154 3145 ad
1172 3067 1317 3145 Budam
1345 3067 1521 3168 equitare

397 3220 480 3274 eum
508 3195 747 3291 magnatibus
775 3203 812 3270 et
839 3217 923 3272 oum
959 3197 1170 3295 nobilibus,
1200 3205 1238 3272 et
1265 3196 1437 3274 venimus
1463 3195 1520 3271 ad

397 3321 588 3418 Zerenoh,
610 3321 674 3397 vbi
693 3322 853 3398 abbania
871 3345 954 3398 oum
972 3324 1199 3402 monasterio
1219 3325 1440 3425 apparebat,
1462 3323 1521 3398 Et

397 3451 450 3528 ibi
469 3448 732 3544 domininus,
754 3454 791 3522 et
818 3447 871 3524 ibi
899 3449 1101 3525 obtnllerat
1128 3449 1384 3550 episcopatum
1411 3446 1519 3525 Cha-

398 3577 613 3654 nadiensem
642 3575 783 3654 Joanni
812 3575 959 3672 abbati,
980 3577 1044 3672 qni
1063 3583 1301 3654 erassanerat
1317 3600 1359 3654 se
1376 3577 1517 3675 ipsum,

397 3713 435 3782 et
452 3727 510 3780 me
539 3704 797 3798 interrogabat
823 3702 930 3801 prins
953 3703 1123 3780 dominns
1149 3704 1332 3800 11111111,
1362 3703 1517 3800 quodsi

397 3837 498 3909 esset
525 3833 666 3929 probus
696 3837 761 3904 aut
789 3852 875 3906 non.
905 3830 957 3904 Et
984 3853 1055 3928 ego
1074 3831 1180 3907 dixi:
1205 3832 1300 3928 „Est
1317 3832 1455 3930 probus
1474 3839 1519 3906 et

397 3958 507 4034 valde
535 3957 734 4052 eontinen,
762 3957 852 4054 qnia
870 3957 910 4032 in
927 3958 1052 4054 patria
1079 3981 1163 4034 mea
1190 3966 1272 4036 erat
1288 3965 1376 4056 post
1393 3959 1516 4056 magi·

396 4091 514 4160 strum
540 4085 581 4160 in
608 4083 713 4160 soola
748 4090 976 4181 resemptor‚
1015 4089 1053 4160 et
1090 4085 1233 4160 nnllam
1269 4084 1515 4181 ignominiam

397 4209 630 4288 audissemus
659 4214 790 4284 eontra
828 4209 946 4284 enm.“
989 4209 1040 4284 Et
1073 4210 1231 4308 postheo
1266 4233 1414 4310 semper
1439 4211 1516 4286 suit

395 4341 515 4418 bonus
552 4339 644 4415 mihi
680 4341 889 4416 benenolus
925 4339 1011 4416 dum
1057 4342 1245 4418 residebat
1279 4343 1318 4418 in
1351 4341 1515 4420 Chanad

397 4467 615 4566 episeopatn
638 4469 718 4566 J'am
746 4488 827 4542 suo.
856 4465 945 4544 Jam
965 4467 1011 4543 de
1029 4467 1200 4546 Zereneh
1218 4493 1326 4546 mane
1345 4470 1512 4548 surrexi·

398 4615 499 4692 mns,
520 4601 558 4670 et
574 4593 849 4694 timpanistain
869 4615 1006 4670 aurora
1030 4617 1180 4694 semper
1206 4597 1363 4674 solebat.
1392 4597 1444 4672 Et
1470 4598 1512 4674 in

397 4719 567 4820 hospicio
595 4723 852 4818 eognieionem
885 4721 1049 4800 feceram
1076 4745 1159 4799 enm
1187 4723 1331 4802 dnobus
1357 4725 1513 4802 famulis
