3294 5208
1158 459 1212 537 43

119 679 237 738 casum
264 656 439 734 dederunt
465 655 505 732 in
533 655 797 754 egritudinem,
818 657 912 734 etin
931 657 1074 736 duabus
1101 657 1211 737 ebdo-

118 785 227 864 nodis
254 786 495 862 exalauerunt
521 784 567 860 de
594 783 729 862 mondo
757 783 805 860 ad
823 793 967 884 patrem
986 809 1155 884 suorum3
1175 793 1213 862 et

117 913 277 990 hocerat
296 935 389 988 anno
410 907 469 986 15.
489 911 577 988 iam.

404 1251 735 1357 (CAPITULUM
764 1251 909 1355 XVII).

212 1507 337 1601 Quum
356 1513 434 1608 jann
468 1509 625 1586 vidisset
653 1509 840 1607 expletum
869 1531 975 1586 suum
1004 1509 1213 1608 pollicitum

119 1643 147 1710 et
163 1633 308 1732 Regino
328 1635 373 1712 ad
391 1635 555 1732 libitum,
585 1637 844 1733 gratulabatur
862 1637 901 1711 in
920 1659 973 1713 se.
994 1637 1046 1712 Et
1065 1636 1214 1714 ducissa

119 1763 239 1836 relicta
266 1759 405 1838 Joanni
425 1761 579 1840 Coruini
599 1763 799 1860 ignorabat
817 1761 979 1838 tiliorum
998 1762 1212 1861 perniciem.

121 1891 248 1964 Verum
267 1889 353 1963 feeit
371 1891 468 1964 latro
488 1889 683 1968 Emerious
701 1889 856 1965 Therek
876 1912 959 1965 enm
978 1889 1127 1964 domina
1146 1913 1215 1965 sua

120 2016 293 2090 racionem
312 2014 475 2112 reddere,
496 2018 590 2092 etin
609 2017 783 2094 oaueione
809 2016 896 2092 feeit
914 2017 1010 2091 latro
1030 2016 1215 2092 dominam

121 2164 212 2216 snam
232 2143 305 2217 sibi
326 2143 480 2219 oblieari
499 2144 538 2218 in
556 2143 716 2242 quinque
735 2143 841 2219 milia
858 2165 1022 2238 mareas,
1044 2149 1081 2217 et
1100 2143 1215 2220 oioius
1246 2165 1248 2170 ’

120 2269 230 2344 snum
259 2269 490 2366 equitauerat
508 2269 556 2360 ab
575 2267 824 2368 Hungarianr‚
846 2269 953 2367 quasi
974 2271 1052 2344 iure
1072 2271 1111 2345 in
1128 2294 1214 2368 pos·

121 2397 274 2472 sessione
302 2419 390 2491 sua,
420 2405 457 2470 et
486 2397 682 2472 excludere
710 2387 799 2473 feeit
830 2397 1016 2472 dominam
1045 2419 1150 2474 suam
1170 2397 1215 2472 de

122 2523 407 2620 possessionibus
426 2523 504 2599 suis
523 2523 728 2618 legittimis.

212 2651 300 2728 Jam
318 2651 546 2750 paupercula
570 2651 778 2746 nesciebat,
807 2673 878 2748 quo
898 2651 1087 2734 deolinare
1107 2659 1217 2750 eaput
1315 2633 1325 2661 ¹

122 2797 223 2850 nuru.
257 2775 377 2868 Quum
403 2776 473 2851 heo
497 2777 713 2854 oonsenoies
742 2776 815 2852 dux
850 2777 1097 2870 Lausonius,
1134 2799 1216 2853 earn

123 2927 192 2978 esse
209 2903 330 2980 adhue
348 2929 428 2980 eurn
447 2929 566 3004 parva
585 2906 722 3004 puella,
745 2907 917 3003 quoniam
932 2909 1011 3004 jann
1031 2907 1215 2985 Banatum

123 3027 329 3106 Zeniensem
347 3029 382 3132 *)
395 3033 589 3128 regnicoli
613 3031 876 3128 Hungarorum
895 3031 1044 3108 Andree
1063 3033 1144 3108 Pod
1162 3031 1217 3134 **)

123 3154 306 3252 dederant,
333 3165 370 3232 et
383 3162 562 3256 jamnum
581 3161 743 3235 maxima
760 3168 871 3256 gente
890 3165 1159 3258 preparauerat
1176 3183 1218 3236 se

125 3281 229 3378 ipsum
256 3283 311 3358 ire
340 3285 387 3360 ad
414 3285 598 3361 Banatum
626 3286 846 3363 Zeniensem
875 3285 1139 3384 occupandum.
1169 3286 1220 3360 Et

33 3485 34 3488 a
126 3412 193 3508 ipsa
220 3415 371 3490 ducissa
398 3415 595 3512 ignorabat
623 3415 686 3490 sd.
699 3438 809 3514 quarn
836 3421 980 3512 partem
1014 3415 1217 3512 equitarot3

127 3537 323 3617 Enerieum
351 3539 505 3615 'Pherek
531 3540 578 3615 ad
603 3563 643 3618 se
668 3565 803 3618 votare
830 3541 919 3617 feeit
942 3549 980 3616 et
1007 3563 1088 3617 eum
1113 3565 1157 3618 eo
1176 3543 1218 3617 fi-

128 3667 205 3743 niuit
221 3669 261 3743 in
280 3671 415 3743 bonurn
440 3667 571 3765 finem3
601 3671 697 3767 quod
717 3693 839 3746 aroern
868 3668 1109 3770 Gywlensem
1133 3691 1218 3766 per·

33 3851 34 3856 r
128 3795 258 3872 niteret
284 3795 430 3871 domine
458 3819 523 3872 sue
552 3797 717 3893 dueisse3
752 3805 789 3874 et
815 3799 899 3897 ipsa
928 3797 1089 3895 quinque
1116 3796 1220 3870 milio

33 3953 35 4008 r
129 3923 265 3999 norm
283 3919 348 4025 (ei)
369 3923 590 4021 deponeret3
619 3949 665 4000 ae
682 3926 833 4025 insuper
861 3948 984 4002 oroero
1011 3922 1129 4023 Attya
1147 3923 1219 3999 sibi

131 4047 302 4126 ordinaret
320 4075 344 4124 a
363 4051 503 4128 Merieo
531 4052 660 4127 Porini
679 4053 727 4128 ad
754 4053 933 4129 rationem
961 4073 1027 4130 sue
1056 4050 1219 4125 Emerici

132 4171 278 4252 Thorek.
300 4174 506 4254 Contentus
525 4185 606 4254 erat
623 4203 708 4254 mox
727 4180 823 4255 latro
843 4179 1035 4255 Emerious
1052 4176 1218 4271 Thereln

132 4305 280 4396 pemisit
299 4303 346 4380 ad
365 4327 487 4381 aream
506 4306 561 4382 ire
581 4306 727 4384 domine
746 4331 812 4384 sue
831 4305 1084 4410 Gywlensem.

161 4625 190 4693 ⁵)
205 4627 284 4686 Asu
304 4627 531 4702 „Segniansam.“

150 4733 192 4803 ¹⁴)
208 4737 286 4796 Am
307 4739 379 4812 „Bor
396 4739 518 4798 Endra.“
