3248 5210
391 684 613 762 Postumum
632 703 795 759 mensem
823 705 969 762 rursum
996 691 1179 767 uenerunt
1200 682 1248 758 ad
1267 681 1412 779 Regem
1430 681 1511 757 Lu·

391 800 573 888 donicum.
603 807 692 907 Ipse
710 831 855 908 pauper
873 810 1034 886 libenter
1062 809 1334 904 distribuisset,
1360 808 1432 884 hcc
1451 810 1513 884 vi-

391 937 545 1030 debam3
575 943 741 1011 attamen
758 945 977 1034 prouentum
1003 959 1111 1014 suum
1127 937 1294 1014 totaliter
1311 944 1515 1032 magnates

391 1049 670 1162 gubernabant,
700 1071 738 1138 et
756 1065 810 1140 nil
829 1065 863 1140 ei
889 1071 1030 1141 tentum
1060 1065 1108 1141 ad
1134 1088 1300 1142 mensam
1326 1065 1512 1140 ferculum

352 1207 355 1216 ’
392 1213 505 1272 vuum
524 1199 698 1290 poterant
715 1214 933 1290 preparare.
954 1192 1005 1266 Et
1023 1191 1094 1270 hcc
1112 1215 1265 1290 possum
1277 1192 1394 1267 eciam
1414 1191 1512 1266 scri·

390 1323 491 1414 bere,
511 1317 610 1417 qucd
629 1319 776 1416 sepcies
794 1340 924 1394 cenam
943 1327 981 1395 et
998 1319 1193 1417 prandium
1210 1340 1415 1417 preparare
1433 1339 1514 1392 nun

391 1454 585 1548 poterant3
615 1451 779 1521 attamen
798 1468 909 1521 cocus
928 1447 1109 1542 magister
1128 1445 1295 1522 Mathias
1314 1443 1512 1522 Bessniak

391 1577 436 1672 de
454 1573 611 1673 prelatis
630 1579 669 1647 et
687 1571 733 1647 de
755 1574 996 1668 magnatibus
1021 1573 1256 1648 mendicabat
1274 1571 1322 1646 ad
1339 1572 1512 1646 tabulam

391 1725 496 1778 suam
526 1700 646 1796 Regie
674 1698 900 1796 MaJ‘estatis.
930 1697 1103 1798 Quinque
1132 1697 1385 1775 Ecclesiensis
1413 1697 1511 1788 scic,

392 1827 491 1926 quud
519 1834 667 1902 centum
705 1828 858 1904 markas
894 1827 1049 1904 dederet
1076 1827 1124 1902 ad
1151 1826 1360 1902 kclruinam
1387 1847 1510 1900 suam.

392 1955 443 2032 Et
469 1954 538 2029 tali
567 1952 674 2028 mcdc
702 1954 837 2030 iterum
874 1956 1055 2032 aduersus
1090 1953 1318 2052 prepositum
1348 1953 1511 2029 Paulum

390 2080 670 2158 thesaurarium
688 2081 772 2179 ipsc
791 2081 1018 2158 direxerunt.
1049 2079 1171 2173 Quum
1200 2079 1390 2179 predictus
1409 2081 1510 2155 latro

390 2207 651 2284 thezaurarius
670 2229 756 2282 cum
774 2209 909 2306 papiro
929 2208 1037 2284 tersit
1055 2209 1194 2284 cullum
1213 2230 1330 2302 suum,
1351 2208 1511 2305 proiecit

392 2312 524 2410 ite'rum
552 2333 601 2409 ad
627 2333 746 2411 facies
783 2357 932 2430 eorum,
963 2334 1058 2410 dixit
1087 2334 1217 2411 eadem
1244 2335 1383 2430 forma,
1410 2335 1510 2410 sicut

392 2461 675 2560 prescriptum:
708 2461 814 2559 „Nos
841 2461 1003 2561 amplius
1026 2485 1102 2539 non
1128 2483 1326 2561 possumus
1362 2461 1508 2537 seruire

392 2587 514 2686 Regia
534 2587 738 2686 Majestati.
768 2587 852 2665 Hec
879 2591 1038 2687 estjam
1066 2589 1171 2686 finis,
1201 2589 1372 2686 Regnum
1401 2587 1509 2664 Hun-

390 2715 518 2812 garie,
548 2722 670 2791 tecum
699 2715 947 2794 sitdominus
985 2716 1126 2794 Dens.“
1169 2716 1220 2791 Et
1248 2715 1391 2792 vexilla
1417 2715 1508 2791 bina

391 2841 511 2938 Regie
539 2841 751 2940 Majestatis
779 2829 1063 2920 introduxerunt
1091 2844 1129 2919 iu
1158 2844 1449 2938 neminassent,
1470 2849 1510 2916 et

391 2967 439 3044 ad
465 2969 607 3046 fontem
633 2970 703 3046 iila
721 2971 934 3066 ligaueruut
960 2971 1117 3047 fortiter.
1148 2969 1257 3047 Illicc
1286 2993 1412 3048 cuum
1441 2969 1508 3044 dc·

391 3095 524 3170 derunt
541 3095 590 3171 ad
607 3104 767 3192 terrem,
797 3105 835 3174 et
852 3098 905 3174 ibi
923 3099 997 3196 ipsi
1026 3098 1187 3197 amplius
1215 3099 1415 3175 noluerunt
1432 3096 1508 3172 eri·

390 3245 492 3318 gere,
512 3231 550 3298 et
568 3223 741 3300 dixerunt
751 3222 871 3300 eidem
889 3226 1030 3302 torma:
1055 3227 1184 3331 „Deus
1202 3233 1323 3302 tecum
1334 3225 1508 3321 Regnum

392 3347 622 3446 Hungarie.“
661 3347 747 3426 cito
776 3359 1019 3428 cucurrerunt
1046 3353 1093 3428 ad
1120 3375 1238 3430 naues
1265 3352 1509 3428 nazandcnes

390 3475 438 3552 nd
465 3474 564 3552 Ister
590 3473 678 3572 flui,
707 3483 746 3551 et
772 3476 871 3554 infra
905 3479 1186 3576 remigauerunt
1218 3501 1415 3579 pauperes.
1455 3477 1509 3552 Et

390 3603 949 3704 ampluisncuccmparucruut3
970 3605 1115 3682 demum
1134 3609 1292 3683 latenter
1308 3606 1508 3684 sclnebant

392 3730 543 3830 copiose
562 3729 622 3806 cui
640 3730 827 3829 placebat,
847 3731 914 3808 sed
932 3753 1006 3808 non
1024 3731 1214 3808 habebant
1232 3731 1291 3808 cui
1310 3739 1379 3808 etc.

496 3855 584 3932 Jcm
611 3856 808 3935 redeamus
835 3858 885 3934 ad
912 3857 1067 3954 Regem.
1099 3855 1221 3936 Mouit
1239 3883 1280 3937 se
1300 3859 1348 3934 ad
1365 3857 1508 3936 bellum

390 3989 520 4060 contra
547 3979 726 4060 Cesaram
753 3985 961 4063 Turcarnm
986 3993 1024 4062 et
1048 3985 1097 4062 ad
1114 3986 1388 4086 proteccicnem
1406 3983 1508 4059 arcis

312 4185 322 4194 ,
390 4107 755 4188 mandor-Albeceia.
784 4110 879 4190 (inm
907 4113 1015 4191 varia
1041 4121 1154 4210 gente
1177 4113 1225 4190 ad
1242 4113 1316 4190 iter
1334 4111 1509 4188 celeriter

390 4236 533 4314 cueurit
559 4235 641 4314 sine
669 4247 803 4337 paratu
831 4241 1034 4336 bellicoso,
1064 4250 1102 4318 et
1135 4241 1305 4318 dominus
1334 4238 1507 4316 Andreas

390 4363 436 4442 de
456 4363 571 4440 Batcr
598 4387 682 4442 cum
710 4367 828 4444 multa
853 4377 966 4464 gente
993 4392 1063 4446 sua
1089 4377 1263 4464 uenerat,
1296 4375 1334 4444 et
1352 4368 1507 4464 insuper

391 4489 544 4570 fluuium
572 4489 670 4568 Ister
687 4491 885 4592 disponere
902 4495 1045 4571 fecerat
1064 4493 1147 4572 Rex
1165 4502 1243 4572 tres
1259 4495 1404 4573 bestias
1421 4514 1505 4568 cum

392 4615 626 4699 Budcnsibns
644 4627 783 4697 etcum
802 4621 1073 4700 Pestieusibus.
1094 4623 1300 4721 Deputauit
1318 4645 1401 4698 eum
1420 4617 1504 4694 Rex

391 4743 580 4822 Andrean
609 4745 744 4842 Batcr,
774 4755 814 4822 nt
840 4757 942 4826 esset
979 4750 1197 4849 capitaneus
1234 4773 1348 4848 super
1375 4747 1506 4823 fluium
