3238 5228
311 1027 644 1142 (currentum
673 1033 953 1140 crurum).

190 1254 281 1332 Inde
310 1255 455 1354 quidem
485 1255 583 1352 quud
601 1277 670 1331 nos
688 1253 895 1331 audiuimus
923 1254 991 1332 sub
1011 1249 1198 1350 Strigcnie

88 1381 279 1458 obsidcn..
318 1381 414 1460 Oum
440 1379 521 1458 Rex
555 1381 737 1458 audiisset
763 1389 801 1456 ct
828 1380 1042 1458 Ludcuicus
1071 1379 1196 1474 Gritti

87 1516 294 1587 terruerunt
311 1535 396 1586 mcx
417 1534 499 1587 cum
518 1517 892 1607 totagcntesuarum.
913 1511 1050 1606 Etncs,
1062 1511 1198 1586 iratres

88 1635 314 1724 charissimi,
350 1639 445 1736 quod
482 1661 564 1715 cum
593 1637 801 1714 'Parcarum
829 1645 940 1732 gente
967 1637 1197 1724 tenebamus,

89 1765 241 1858 quoire.
263 1766 699 1862 Etmcxguerratuarum
718 1787 830 1864 super
848 1786 978 1861 aquas,
1000 1763 1062 1860 qui
1081 1771 1198 1858 eraut,

88 1891 191 1984 quasi
209 1913 293 1966 cum
313 1891 467 1988 flagello
487 1891 820 1992 expugnauissent
842 1890 990 1965 itatem
1008 1891 1081 1965 cito
1101 1913 1199 1964 ewa-

88 2025 262 2110 nuerant‚
293 2041 376 2093 cum
405 2019 599 2096 audissent
625 2019 752 2094 uenire
777 2017 1015 2093 chciander
1033 2039 1115 2092 cum
1134 2017 1199 2090 mi-

88 2143 264 2221 litonibus
283 2146 372 2222 suis.
402 2145 451 2220 Et
469 2147 556 2222 inde
575 2146 800 2224 Valentinus
828 2144 984 2220 'Pherek
1004 2151 1041 2218 et
1060 2143 1201 2218 Paulus

91 2269 201 2346 Bakit
227 2293 309 2346 cum
337 2274 546 2350 cauteribus
574 2274 653 2351 suis
682 2275 827 2368 integre
856 2272 902 2347 ad
931 2269 1200 2347 defendendum

90 2393 309 2494 Strigouem.
339 2400 388 2474 Et
408 2399 489 2476 Rex
510 2401 677 2478 Juannes
705 2423 787 2474 cum
814 2401 1063 2494 gubernatore
1082 2395 1199 2473 Gritti
1294 2409 1297 2420 ·

89 2521 137 2598 ita
156 2525 339 2620 venimus,
360 2526 459 2622 quod
463 2529 573 2623 juxta
583 2525 647 2602 flui
658 2525 757 2604 Ister
775 2525 1075 2625 pernoctauimus
1089 2527 1200 2621 juxta

91 2649 221 2726 villant
248 2651 344 2727 Zent
362 2653 508 2749 Endrc‚
538 2654 640 2729 etin
669 2653 727 2729 die
755 2653 852 2728 testo
882 2674 990 2726 mane
1019 2650 1201 2736 Vndecim

90 2777 190 2852 milia
218 2777 414 2873 Virginum
442 2782 511 2855 sub
547 2779 771 2878 papilionem
808 2801 912 2853 suam
941 2775 1022 2851 Rex
1051 2777 1201 2852 missam

90 2904 240 2981 audiuit.
271 2905 322 2979 Et
345 2905 393 2980 ad
412 2906 554 2980 Budam
583 2928 804 2987 veneramus
823 2905 871 2980 ad
890 2904 1020 2979 horam
1039 2902 1200 3003 prandii.

194 3031 247 3106 Et
263 3032 406 3129 granda
426 3056 562 3130 naues,
589 3057 660 3132 que
679 3041 787 3110 crant
800 3036 908 3131 juxta
927 3033 1072 3131 rippam
1091 3031 1200 3118 Ister,

91 3179 184 3233 unus
211 3179 370 3254 magnus
397 3159 545 3236 Turcus
572 3161 694 3254 venit,
724 3167 764 3234 vt
791 3159 901 3234 debet
918 3159 1001 3234 ch
1021 3158 1202 3257 Majestas

90 3305 155 3358 sua
183 3283 399 3384 precipere,
429 3297 469 3361 vt
497 3295 655 3386 querant
682 3288 720 3360 in
748 3286 885 3362 carinis
905 3285 1072 3384 captivos
1091 3284 1201 3361 Chri·

90 3412 247 3508 suanos,
272 3421 313 3487 vt
331 3413 501 3511 paciffice
521 3414 750 3490 abscidatur.
770 3411 820 3488 Et
839 3415 894 3489 sic
913 3415 1048 3488 multos
1067 3420 1201 3488 extunc

91 3539 297 3616 sulcabant,
328 3540 377 3626 Et
395 3565 470 3617 una
498 3541 779 3617 adolescentula
806 3540 990 3636 Hungara
1016 3561 1202 3636 nunquam

91 3667 242 3740 solebat
270 3667 393 3762 exire,
422 3667 488 3745 sed
517 3669 677 3744 libenter
694 3669 935 3764 permanebat
954 3689 1036 3742 cum
1056 3665 1201 3758 Turkc,

88 3793 161 3886 jam
183 3816 291 3889 quem
312 3803 539 3889 cognouerat
556 3794 720 3893 pessima
739 3794 882 3872 mulier.
902 3795 952 3868 Et
970 3815 1202 3892 nequaquam

92 3921 134 3994 ad
164 3921 287 3997 virum
316 3943 422 3998 suurn
452 3924 605 4000 volebat
630 3929 840 4014 revertere,
875 3923 942 3998 sed
969 3922 1045 3996 vim
1073 3929 1203 4019 postea

91 4048 295 4142 tangebant
313 4050 351 4124 in
371 4051 470 4126 cullc
488 4051 656 4126 bestiam.
687 4050 737 4124 Et
747 4049 800 4125 sic
811 4049 1005 4126 deliberati
1035 4053 1141 4124 erant
1159 4043 1204 4120 de
1337 4065 1340 4082 ·

92 4177 233 4252 ratibus
261 4175 492 4275 Turcarum3
522 4187 560 4254 et
587 4179 835 4272 mirabantur,
864 4179 927 4253 vbi
954 4184 1010 4252 tut
1036 4175 1204 4274 captiuus

94 4299 368 4400 depredassent.
399 4305 474 4381 Sed
502 4314 610 4383 nocte
639 4305 822 4381 ducebant
859 4305 907 4380 ad
934 4301 1206 4378 venundatcres

94 4427 364 4506 Ismaclitarum
384 4431 555 4509 homines
576 4431 825 4508 Christianos.

197 4557 247 4632 lu
275 4559 330 4632 sic
359 4561 533 4636 absoluta
563 4567 642 4635 erat
670 4583 738 4634 arx
774 4555 959 4653 Strigunie
988 4577 1056 4654 per
1085 4552 1205 4628 Deum

95 4687 226 4761 viuum.
251 4685 352 4780 Ergo
372 4687 478 4762 Dens
497 4695 664 4767 conteret
691 4687 789 4762 bella
810 4693 961 4784 propter
979 4684 1147 4771 innocen.
1169 4687 1206 4754 et

94 4841 240 4912 egenus,
265 4827 300 4890 et
327 4825 479 4914 propter
508 4816 722 4913 hcrphanes
754 4812 1013 4892 Christicolas.
1041 4845 1076 4898 ,·
1168 4907 1171 4914 ¹
