3238 5228
396 495 479 572 280

396 696 495 772 ducti
523 703 630 772 erant
658 695 705 770 ad
733 695 943 770 trocitatem
973 694 1124 788 mortis;
1151 703 1188 769 et
1215 697 1370 774 femella
1389 701 1512 799 capite

396 823 544 924 priuata
573 827 653 897 crat
680 826 834 920 propter
861 827 1015 896 mortem
1044 820 1115 896 viri
1145 821 1223 916 sui,
1254 831 1403 900 ammen
1434 825 1515 924 ipsa
1582 857 1588 864 ·

397 972 472 1026 non
499 949 667 1048 precepit
693 946 902 1023 interficere
931 968 1050 1045 neque
1077 947 1245 1044 perdere.
1281 951 1386 1048 Ergo
1416 953 1518 1028 mala

397 1076 589 1154 sentencia
607 1097 675 1174 per
689 1076 836 1172 Juratos
864 1073 967 1149 ciues
995 1071 1188 1150 Budenses
1213 1073 1301 1152 datu
1320 1085 1423 1172 erat3
1452 1086 1515 1154 tm.

397 1226 466 1301 per
493 1199 673 1277 inuidiam
702 1208 739 1275 et
766 1223 834 1299 per
861 1199 1029 1274 fauorem
1057 1206 1095 1273 et
1120 1223 1189 1299 per
1213 1201 1311 1281 dona
1324 1205 1515 1302 justiciam

399 1327 471 1403 Dei
491 1326 814 1402 administrabant.
845 1326 896 1402 Et
914 1326 1053 1424 injure
1072 1326 1250 1402 canonico
1270 1329 1516 1408 intrauerunt.

399 1453 465 1531 sed
484 1452 587 1530 ciuili
601 1453 699 1550 juris
718 1451 1012 1546 interficiebant,
1042 1451 1124 1526 siue
1142 1453 1317 1529 sacerdos
1336 1455 1420 1531 siue
1440 1479 1516 1530 mo-

400 1579 542 1655 nachus
561 1577 896 1676 suspendebantur,
917 1577 981 1674 qui
1000 1584 1107 1654 erant
1126 1577 1164 1652 in
1183 1577 1312 1674 sacris,
1334 1581 1519 1678 equaliter

398 1706 661 1805 procedebant.
700 1703 803 1800 Ergo
842 1700 1062 1778 monaahum
1100 1699 1308 1798 Georgium
1343 1705 1517 1780 abbatem

400 1835 537 1932 injuste
565 1832 799 1932 plectebatur
829 1829 972 1928 capite,
993 1835 1030 1905 et
1049 1835 1153 1904 artus
1172 1851 1278 1904 suum
1298 1831 1335 1904 in
1356 1839 1518 1928 quatuor

399 1966 528 2056 partes
546 1957 800 2046 diuidebatur,
821 1963 858 2032 et
875 1956 959 2033 sine
986 1955 1114 2032 ordine
1133 1955 1321 2030 iaciebant
1340 1959 1403 2054 jus
1423 1957 1518 2052 legi-

398 2086 501 2161 tima.
523 2081 605 2176 Que
625 2106 695 2179 ego
714 2084 888 2159 intereos
907 2084 1112 2180 aprobatus
1130 2081 1285 2176 fueram,
1303 2081 1401 2179 quod
1419 2085 1518 2158 male

401 2219 438 2284 et
456 2211 593 2310 injuste
612 2217 766 2286 mortem
784 2210 985 2308 patebatur
1005 2206 1195 2305 Georgius
1213 2210 1342 2285 abbas.
1359 2209 1521 2308 Propter

401 2337 471 2412 hec
496 2338 702 2413 cassabant
729 2359 832 2432 eum,
862 2337 960 2434 quod
988 2337 1172 2413 voluisset
1198 2335 1342 2410 Budam
1368 2336 1518 2412 tradere

403 2462 451 2538 ad
468 2485 600 2539 manus
627 2461 913 2558 Alemanorum3
935 2463 1133 2562 quoderat
1158 2463 1410 2561 impossibile,
1439 2466 1517 2560 jam

303 2649 315 2662 .
403 2597 483 2664 erat
501 2590 676 2666 consenic
705 2591 907 2667 coniectus.
937 2591 989 2666 Et
1006 2590 1061 2667 sic
1081 2589 1187 2666 Dens
1205 2589 1349 2688 puniuit
1367 2613 1454 2686 cos,
1483 2599 1521 2664 et

402 2714 515 2790 alieni
540 2721 653 2811 gente
670 2715 823 2792 tradidit
842 2716 990 2794 ettniois
1019 2715 1162 2792 Budam
1180 2738 1303 2790 arcem
1323 2738 1368 2790 ac
1386 2715 1518 2791 ciuita-

402 2849 493 2936 tem,
514 2849 651 2916 etcum
678 2849 757 2917 tota
785 2843 981 2940 prouincia
1010 2851 1047 2918 et
1071 2842 1344 2940 possessionem
1364 2841 1519 2917 circum·

399 2970 579 3063 jacentes.

510 3092 562 3166 ut
588 3101 673 3190 post
703 3093 771 3169 illa
797 3093 897 3168 facta
927 3099 1082 3168 venerat
1109 3093 1157 3166 ad
1186 3091 1328 3168 Budam
1349 3095 1433 3170 Rex
1452 3097 1519 3174 Jo-

404 3241 521 3296 annes
547 3239 628 3293 cum
664 3218 920 3314 gratulacione
958 3217 1112 3315 grando.
1150 3215 1339 3295 Sonabant
1365 3221 1519 3317 ingenia

406 3343 547 3447 Buden.
567 3343 605 3420 in
632 3343 800 3440 regione,
831 3341 928 3439 quod
950 3345 1030 3440 jam
1058 3342 1312 3419 descendisset
1339 3344 1425 3422 Rex
1453 3345 1519 3424 Jo-

406 3491 535 3548 auues.
574 3467 622 3544 Et
655 3471 733 3568 jam
772 3494 841 3546 nos
877 3469 987 3545 hausi
1026 3469 1162 3544 fuimus
1202 3477 1354 3567 propter
1391 3481 1519 3548 contra

407 3592 631 3685 Germanos.

672 3879 1004 3980 (ocerannum
1033 3879 1251 3981 nmium).

514 4097 709 4174 Venerunt
736 4095 886 4171 interim
915 4093 1097 4171 Germani
1125 4096 1173 4170 ad
1200 4095 1436 4194 Hungariam
1456 4124 1520 4198 per

409 4245 543 4322 aquam
562 4229 599 4297 et
617 4243 728 4321 super
746 4228 905 4316 terram,
925 4225 963 4296 et
981 4218 1063 4297 Rex
1081 4221 1135 4296 nil
1153 4223 1335 4300 tremebat
1353 4221 1435 4300 Rex
1455 4225 1480 4302 J
1484 4249 1520 4297 o·

409 4371 526 4430 annes
553 4371 576 4424 a
605 4345 828 4441 Germanis,
867 4346 964 4444 quod
998 4347 1139 4424 vellent
1174 4350 1292 4424 eciam
1320 4349 1448 4426 venire
1476 4349 1521 4424 ad

410 4475 552 4553 Budam
572 4473 755 4551 obsidere.

517 4601 567 4678 Et
596 4601 721 4678 etadm
748 4601 917 4700 precepit
943 4599 1026 4677 Rex
1053 4600 1222 4678 Joannes
1251 4602 1371 4676 Paulo
1401 4601 1520 4680 archi·

411 4730 583 4827 episcopo
620 4725 867 4824 Strigonieusi
897 4755 905 4800 ι
939 4726 1014 4824 „Vt
1041 4749 1274 4825 nequaquam
1302 4725 1359 4826 δὴ
1396 4751 1518 4804 arcem
