3260 5226
1139 561 1218 642 375

99 763 252 839 dicebat
279 762 383 860 prius
395 800 415 857 ,x
432 759 531 859 quod
558 767 616 837 est
643 759 891 856 ewangelium
918 761 1035 837 verba
1053 759 1219 842 (leaenis.

100 888 299 982 Quomodo
327 889 416 966 talis
434 887 542 964 fidem
570 895 699 964 contra
718 886 973 965 Christianum
992 889 1218 988 Principem,

98 1017 257 1114 quinon
274 1016 377 1092 venit
403 1015 451 1090 ad
477 1015 668 1092 lauacrum
693 1021 731 1090 et
747 1015 1035 1092 renouaoionem
1054 1013 1218 1114 Spiritus

101 1143 233 1220 Sancti
261 1143 454 1220 Paracliti.
485 1143 588 1238 Ergo
625 1141 874 1238 ,Maledictus
902 1149 960 1220 est
986 1141 1115 1239 homo,
1156 1143 1218 1242 qni

100 1270 255 1346 conlidit
283 1272 322 1346 in
350 1294 498 1369 pagano
520 1271 553 1366 ;“
595 1270 685 1368 qnia
720 1292 842 1368 neque
869 1271 1070 1347 conuenire
1096 1276 1218 1370 potest

100 1403 224 1472 tecum
243 1403 313 1472 etc.

421 1677 754 1784 (carrubium
782 1680 924 1786 cvm).

897 1807 914 1832 ἱ

210 1901 311 1974 Dnm
346 1899 558 1972 scriberent
594 1900 815 1974 enn01542
846 1901 926 1996 jam
971 1905 1102 1997 quarta
1137 1897 1220 1975 rice
1259 1959 1262 1964 .

102 2026 242 2101 Petrus
268 2022 389 2122 Priny
408 2021 606 2098 commouit
624 2021 744 2098 eciam
772 2021 1048 2108 Fordinandum
1076 2023 1218 2122 Regem

102 2149 365 2227 cumconsilio
394 2171 462 2226 suo
490 2150 689 2246 vanitatis,
710 2155 748 2224 et
774 2149 872 2247 Regi
899 2151 1136 2228 Ferdinando
1155 2175 1219 2228 ex·

103 2301 223 2377 pensa
242 2299 311 2353 sua
328 2277 477 2373 inania,
506 2277 604 2373 quod
630 2277 774 2352 nullum
802 2279 946 2355 lucrum
971 2279 1221 2357 obtinuissent

102 2405 176 2482 sibi
197 2404 263 2498 de,
282 2404 321 2477 in
340 2404 464 2479 animo
483 2403 704 2500 iniquitatis.
735 2404 865 2480 Eciam
884 2407 1025 2482 bellum
1043 2428 1220 2503 magnum

102 2532 189 2607 Rex
207 2529 467 2606 Fordinandns
485 2553 641 2606 nascere
660 2530 820 2626 fecerat,
849 2533 903 2608 ita
922 2533 1021 2629 quod
1038 2533 1220 2632 preterita

102 2659 206 2734 bella
234 2678 303 2756 sua
329 2657 385 2732 nil
414 2663 495 2732 erat
521 2657 617 2733 sicut
645 2657 718 2733 ista
745 2659 887 2735 vltima.
925 2659 1114 2735 Videlicet
1140 2665 1223 2735 erat

103 2785 193 2860 Dux
212 2783 398 2879 Saxonie,
427 2783 613 2860 secundus
641 2782 730 2858 Dux
757 2791 838 2860 erat
857 2785 903 2861 de
922 2783 1061 2884 Slesia,
1080 2785 1220 2863 tercius

104 2912 193 2990 Dux
213 2909 350 2987 eratde
361 2909 589 3006 Burgundio,
610 2917 766 3006 quartus
782 2911 871 2987 Dux
890 2919 972 2987 erat
990 2911 1035 2988 de
1054 2911 1219 3011 Ispania.

109 3040 160 3115 Et
177 3043 286 3115 erant
304 3037 367 3113 isti
386 3037 513 3112 Duces
540 3027 707 3135 exceptis
724 3035 959 3136 Ispaniarnm
978 3037 1076 3114 Duci
1096 3061 1222 3115 omnes

102 3164 326 3244 Lutteriani.
357 3164 409 3238 Et
434 3169 650 3264 portauerat
677 3165 766 3239 Dux
794 3163 959 3241 Saxonie
984 3189 1109 3242 secum
1129 3165 1219 3241 Phi-

102 3295 222 3394 lipnm
253 3291 466 3385 Melanton,
493 3289 533 3365 in
570 3295 716 3366 castore
750 3311 818 3366 suo
847 3290 1064 3389 predicabat
1091 3299 1220 3367 contra
1298 3285 1300 3288 ’

104 3419 379 3496 immaculatam
399 3416 607 3491 Romanam
625 3439 702 3492 sew
720 3413 855 3492 Sedem
873 3415 1140 3516 Apostolicam.
1170 3417 1221 3493 Et

105 3555 214 3627 erant
240 3571 288 3622 ex
315 3552 423 3644 parte
451 3543 625 3641 Hungari
662 3545 859 3642 optimates
886 3545 1011 3641 multi,
1041 3546 1096 3620 ita
1123 3543 1221 3643 quod

104 3681 201 3754 intro
229 3679 539 3774 presentanerant
572 3695 657 3750 sese
685 3695 766 3749 cnm
793 3673 1048 3750 hornamentis
1074 3672 1220 3749 bellicis

104 3807 182 3882 suis
202 3827 247 3878 ac
267 3801 376 3898 equis
395 3799 621 3897 cespitibus,
651 3800 749 3896 quod
767 3801 893 3876 aliena
911 3823 1005 3897 gens
1024 3823 1098 3876 non
1115 3803 1220 3900 pote·

104 3941 190 4009 rant
208 3931 303 4008 satis
322 3927 510 4004 admirari.
540 3927 589 4002 Et
616 3927 820 4004 laudabant
839 3951 903 4004 eos
922 3929 1087 4024 demum,
1115 3927 1218 4003 vide-

102 4061 190 4136 licet
218 4065 300 4134 erat
326 4054 497 4130 Andreas
527 4055 662 4145 Bator,
697 4061 779 4132 erat
806 4055 941 4132 Petrus
970 4055 1108 4156 Priny,
1137 4061 1219 4130 erat

106 4187 301 4283 Gasperns
329 4181 481 4278 Sereni,
521 4189 601 4257 erat
629 4181 835 4278 Hungarus
862 4183 970 4260 miles
1006 4179 1220 4286 Stephanus

104 4315 311 4411 Lossoncy,
332 4315 413 4386 erat
431 4308 651 4386 adolescens
669 4308 865 4385 Emericus
884 4307 1091 4404 Verbwch‚
1112 4313 1220 4384 erant

104 4443 242 4519 fratres
267 4445 345 4513 tres
372 4434 560 4513 verissimi
587 4435 725 4511 milites
752 4457 798 4509 ac
824 4431 991 4532 processi
1016 4431 1061 4508 de
1081 4429 1218 4508 Scitica

103 4573 215 4665 gente
235 4563 419 4640 Melchior
443 4562 573 4639 Balasi
600 4585 684 4638 cum
710 4561 900 4658 germanis
927 4559 1028 4656 suis3
1056 4565 1138 4636 erat
1163 4557 1217 4635 ibi

104 4695 138 4770 N
142 4691 273 4768 adasdi
292 4689 470 4784 Thomas,
491 4697 528 4763 et
546 4687 657 4764 sicde
676 4687 846 4784 singulis.
868 4685 1131 4782 Hungarorum
1150 4687 1218 4762 mi·

104 4823 191 4898 lites
219 4817 327 4895 multi
355 4817 588 4915 apparebant
615 4837 823 4915 pauperes,
861 4821 899 4892 et
926 4815 1083 4914 quilibet
1109 4837 1216 4912 gene,
