3294 5208
385 459 433 535 16

382 681 477 752 eum,
497 663 539 730 ut
557 653 712 730 donaret
730 673 856 728 arcem
874 673 943 748 pro
963 673 1008 725 eo
1027 649 1359 730 Nandor-Albam:
1392 651 1494 750 „Au-

381 785 464 860 dias
483 781 614 877 Cesar,
635 781 684 856 ad
701 778 858 855 tercium
876 776 974 852 diem
993 779 1221 854 relacionem
1240 781 1419 877 optimam
1438 807 1496 858 rc·

277 960 282 968 -
381 914 511 990 lerabo
540 908 734 1000 Maiestati
762 907 884 984 Tue.“
914 904 1034 982 Cesar
1052 906 1123 981 hec
1150 907 1307 984 audiens
1336 909 1495 1004 gavisus

382 1047 439 1116 cst
457 1061 539 1114 cum
567 1037 647 1113 suis
674 1034 842 1133 paribus.
877 1029 975 1130 ,Sed
1003 1055 1089 1108 ecce
1116 1034 1333 1131 priusquam
1367 1038 1496 1112 mitam

380 1187 532 1242 seruum
547 1185 669 1240 meum
679 1157 727 1234 ad
736 1181 861 1236 arcem
868 1157 1161 1253 Nandoralbam‚
1173 1159 1272 1256 quod
1282 1161 1316 1236 si
1325 1163 1498 1259 prebebit

379 1293 421 1368 in
438 1311 660 1366 consensum
677 1285 923 1362 vioebanatus
941 1286 1083 1361 meus.“
1104 1284 1408 1384 Oesarpermisit
1427 1313 1495 1387 pa·

381 1417 486 1494 cifioe
505 1417 572 1512 ire,
593 1421 631 1490 et
647 1413 738 1488 fecit
757 1412 847 1488 dare
855 1411 972 1487 telam
989 1433 1102 1486 unam
1120 1413 1169 1486 ad
1186 1435 1318 1490 manus
1329 1414 1423 1490 eius.
1444 1417 1497 1491 Et

379 1545 484 1620 illico
503 1542 657 1640 scripsit
675 1539 875 1638 epistolam
894 1539 942 1614 ad
958 1539 1224 1616 vicebanatum
1242 1563 1349 1616 suum
1368 1549 1406 1618 et
1433 1567 1494 1618 ar-

383 1693 463 1746 cem
473 1665 806 1762 Nandor-Albam,
825 1665 895 1740 tali
912 1665 1020 1742 modo
1030 1673 1121 1742 erat
1138 1668 1296 1742 materia
1314 1669 1494 1766 epistole:

386 1795 585 1894 „Pracipio
605 1799 643 1868 et
661 1793 833 1868 commito
851 1791 934 1886 tibi,
953 1798 995 1866 ut
1012 1792 1068 1868 sis
1086 1799 1255 1890 promtus
1274 1801 1311 1869 et
1339 1803 1495 1892 paratus

381 1923 430 1998 ad
448 1945 630 2021 pugnam,
660 1942 815 2017 cumque
843 1920 1034 1996 intrabunt
1060 1919 1177 1996 Turci
1189 1944 1257 2018 per
1267 1924 1493 2001 exteriorem

375 2052 530 2148 januam
538 2048 587 2124 ad
595 2047 788 2122 civitatem
807 2045 1008 2142 quincenta
1017 2045 1145 2140 Turci,
1159 2050 1493 2126 ettunceoslatro-

379 2173 886 2274 nesprostrannadterram,
898 2179 939 2246 nt
957 2173 1273 2268 vnquamnesciat
1291 2197 1338 2249 ex
1357 2175 1413 2251 eis
1432 2177 1494 2252 die

378 2325 498 2397 noua,
510 2301 610 2398 quia,
630 2300 741 2394 ercle,
762 2299 862 2375 scias
872 2321 931 2373 me
940 2319 1127 2393 nunquam
1137 2298 1186 2373 ad
1195 2297 1431 2394 Hungariam
1439 2303 1492 2378 is-

378 2429 517 2504 seme.“
538 2425 660 2518 Quum
675 2425 880 2500 vicebanus
890 2423 1117 2521 perlegisset
1135 2425 1333 2522 epistolam
1352 2427 1492 2503 domini

378 2555 473 2651 suit,
493 2553 599 2628 flevit
608 2573 735 2626 amare
753 2556 790 2626 et
799 2551 855 2625 nil
872 2549 1073 2626 revellauit
1081 2551 1244 2646 nunctio,
1264 2553 1492 2648 quiaabdita

378 2687 471 2776 erat,
482 2687 523 2754 vt
531 2679 695 2756 nesciret
703 2677 862 2753 Turcus.
873 2676 1090 2754 Vicebanus
1099 2677 1327 2753 relacionem
1338 2680 1490 2778 scripsit

378 2809 526 2884 domino
545 2829 612 2882 suo
631 2805 780 2880 dicens:
804 2802 967 2902 „Credat
984 2803 1413 2902 magnificentiavestra,
1433 2808 1490 2883 sic

378 2934 443 3009 fiet
460 2941 501 3007 vt
519 2932 615 3008 vis.“
648 2930 886 3008 Solummodo
914 2930 986 3006 hec
1015 2931 1220 3028 scripserat
1236 2932 1416 3028 breuiter,
1436 2933 1488 3008 is·

341 3085 343 3090 ·
377 3067 455 3134 tam
473 3059 705 3134 relacionem
733 3057 772 3131 in
800 3055 940 3134 litteris
958 3057 1132 3154 protullit
1159 3055 1309 3132 domino
1336 3081 1416 3134 suo.
1438 3058 1489 3132 Et

377 3183 544 3259 Michael
562 3182 690 3277 Zilagi
709 3203 792 3256 eum
819 3183 1055 3279 aspexisset,
1084 3205 1171 3257 mor
1190 3183 1325 3257 allauit
1341 3182 1391 3258 ad
1409 3206 1487 3258 ma·

378 3332 449 3386 nus
468 3306 633 3402 Cesaris,
654 3327 811 3402 cumque
830 3305 1059 3381 relacionem
1087 3307 1339 3384 intellexisset
1364 3309 1488 3407 perle-

376 3457 482 3531 gens,
501 3433 613 3508 ualde
631 3432 783 3508 hillaris
801 3439 882 3509 erat
910 3455 993 3507 cum
1011 3429 1190 3528 Agerena
1207 3441 1332 3529 gente.
1362 3433 1413 3509 Et
1429 3434 1487 3508 in·

374 3566 523 3656 terogat
550 3557 670 3636 Cesar
697 3559 951 3635 Michaelem:
977 3557 1150 3656 „Quanta
1178 3559 1318 3635 milites
1344 3559 1487 3636 Turca-

374 3683 750 3790 rumdimitemussslv·
776 3687 824 3762 ad
842 3686 1075 3784 ocupandam
1094 3686 1255 3762 arcem.“
1278 3685 1488 3784 Respondit

374 3814 542 3890 Michael
560 3815 687 3910 Zilagi
708 3795 718 3888 Ξ
750 3813 876 3911 „Satis
905 3813 977 3889 erit
1005 3813 1206 3910 quincenta
1223 3813 1378 3910 equites,
1399 3835 1486 3910 pos·

373 3948 436 4016 tea
455 3947 491 4015 et
509 3963 578 4016 nos
597 3941 708 4018 simul
728 3941 891 4016 eamus.“
925 3939 1031 4016 Misit
1050 3937 1172 4016 Cesar
1190 3940 1334 4036 equites
1360 3939 1486 4036 predi·
1595 3993 1599 4004 .

374 4074 453 4144 ctos
472 4064 521 4142 ad
539 4067 770 4164 ocupandam
787 4065 1062 4142 nobilissimam
1089 4089 1213 4142 arcem
1241 4064 1484 4141 Nonum-Al—

372 4195 470 4288 bam,
491 4215 646 4290 cumque
663 4193 886 4288 intrassent,
907 4197 944 4268 et
961 4189 1136 4288 Hungari
1164 4191 1246 4266 ausi
1264 4193 1486 4289 spectabant

373 4341 455 4392 cnm
474 4341 578 4393 arma
596 4317 769 4413 ingenia,
789 4324 875 4415 post
902 4318 1008 4414 ipsos
1036 4341 1122 4392 mox
1146 4319 1304 4413 januam
1323 4339 1484 4414 repagu-

372 4447 556 4540 lauerunt,
577 4453 614 4520 et
632 4467 760 4521 omnes
778 4467 896 4542 nsque
914 4445 963 4520 ad
988 4467 1100 4519 unum
1119 4468 1141 4518 a
1160 4451 1297 4520 terram
1316 4451 1483 4541 prostra-

371 4578 515 4648 uerunt.
544 4569 640 4648 Cum
667 4578 791 4648 autem
817 4571 984 4649 audisset
1011 4568 1129 4648 Cesar
1156 4570 1365 4647 Turcarum
1392 4567 1482 4645 Am·
