3260 5226
408 453 486 532 336

409 675 490 730 snm
509 653 674 729 habebnt
692 652 730 728 in
749 651 815 728 via
834 675 966 730 versus
994 651 1236 729 Weredinnm
1265 653 1375 749 qnasi
1396 651 1445 728 ad
1464 677 1542 778 pe·k

327 851 338 863 ,
409 778 684 876 regrinendnm,
706 785 744 854 et
761 800 918 875 eumque
937 778 1420 856 venissetedWaredinum
1435 775 1528 872 Rex,

410 927 496 981 mor
515 905 618 982 eirea
635 903 779 1001 Regem
805 905 968 984 cucurrit
995 905 1167 982 dominus
1195 903 1385 982 Gotthard
1402 927 1529 1006 perso·

410 1031 567 1126 naliter,
588 1032 634 1132 {et
660 1039 805 1108 tantum
842 1031 915 1108 soli
946 1035 1055 1109 ambo
1084 1033 1331 1110 decreuerunt
1356 1033 1531 1131 quiequid

348 1173 352 1182 '
410 1165 585 1258 oporteat
599 1159 667 1236 eis
696 1161 834 1236 faeere.
862 1158 913 1236 Et
939 1158 1009 1234 hee
1036 1165 1118 1236 eret
1131 1161 1211 1256 jam
1229 1159 1268 1234 in
1287 1159 1347 1238 die
1367 1159 1531 1236 Decele-

410 1286 531 1364 oionis
549 1285 711 1364 Jounnis
729 1285 912 1384 Baptiste.
1445 1361 1450 1376 ,

515 1413 564 1491 Et
590 1421 679 1488 tune
706 1412 919 1488 audiuimus
946 1411 993 1486 ad
1023 1411 1174 1507 Varad,
1203 1413 1303 1510 quod
1324 1416 1406 1510 jam
1434 1413 1525 1488 vieti

410 1547 537 1618 essent
554 1539 593 1615 iu
612 1539 760 1636 Megies
789 1539 958 1616 dominns
985 1541 1215 1635 gubernator
1243 1563 1326 1616 oum
1355 1541 1436 1618 suis
1464 1563 1527 1616 ne-

411 1668 522 1765 potis.
551 1668 601 1742 Et
629 1668 723 1742 miro
751 1691 813 1744 res
849 1667 1064 1763 agitabant,
1098 1667 1197 1763 quod
1224 1667 1345 1744 fertur
1373 1668 1528 1760 dixisse,

411 1793 510 1892 quod
529 1795 598 1870 snb
617 1801 756 1868 terram
785 1815 960 1890 magnam
987 1791 1128 1868 fossam
1156 1813 1318 1868 eanerne
1345 1793 1530 1870 fodissent

416 1921 562 2018 pedites
576 1919 893 2018 jagnieharones,
913 1941 982 2016 per
1001 1941 1112 2016 quam
1132 1941 1332 1996 cauernam
1353 1921 1530 1996 volebant

417 2046 628 2122 deliberare
669 2043 727 2097 '‘0·
742 2042 782 2142 ib·
830 2045 1018 2120 dominnm
1053 2047 1352 2141 gubernatorem.
1381 2046 1431 2120 Et
1458 2047 1531 2122 ista

410 2197 573 2252 eouerna
591 2173 664 2248 fuit
687 2173 840 2268 alonge
868 2175 937 2250 sub
965 2181 1065 2248 terra
1084 2172 1299 2250 iodimenta.
1329 2169 1406 2248 Sed
1433 2173 1530 2270 qnod

409 2299 619 2376 sensissent
638 2305 819 2374 extranea
837 2321 950 2394 gens,
970 2305 1196 2396 posunerunt
1222 2299 1430 2376 custodian.
1460 2302 1529 2378 sub

409 2426 612 2520 toramine,
651 2431 689 2498 et
724 2425 763 2499 in
791 2423 986 2500 dominum·
1007 2427 1297 2521 gubernatorem
1320 2429 1402 2524 jam
1430 2428 1526 2504 irru-

207 2542 216 2562 '
319 2591 322 2596 ·
412 2560 522 2629 erunt
540 2551 805 2629 uniuersaliter
819 2574 914 2648 gens
924 2553 1096 2650 plurima,
1116 2561 1345 2652 aeceperunt
1355 2577 1401 2630 ue
1410 2555 1529 2632 intra·

327 2711 332 2726 ·
410 2689 546 2758 uerunt
563 2681 604 2756 in
623 2679 826 2756 einitutem.
849 2681 901 2754 Et
919 2681 1144 2756 invenerunt
1162 2680 1350 2758 dominum
1370 2679 1528 2758 Grittim

410 2807 545 2884 sedens
564 2807 603 2882 in
621 2805 829 2905 pontificali
848 2815 1025 2904 tanquam
1044 2803 1138 2884 Rex.
1160 2807 1210 2882 Et
1228 2805 1400 2884 dieebat:
1425 2808 1527 2904 „Ne-

411 2955 598 3032 quaquam
635 2955 694 3006 me
731 2929 941 3008 interfluere
979 2933 1161 3010 debentis.
1210 2931 1319 3026 Quod
1347 2935 1381 3010 si
1409 2957 1527 3012 oense

410 3061 580 3137 ettioiens
598 3081 670 3154 ego
689 3081 770 3134 sum
790 3051 829 3133 in
848 3065 965 3134 morte
985 3057 1145 3160 Oybak,
1174 3067 1239 3134 eut
1257 3060 1296 3134 in
1315 3059 1524 3156 aliquibus·

410 3207 566 3284 eumqne
599 3186 731 3278 rebus,
761 3185 810 3261 sit
827 3185 875 3262 lis
894 3191 958 3260 ant
975 3187 1059 3282 ier,
1080 3193 1121 3260 vt
1139 3185 1294 3262 debeam
1315 3187 1527 3284 perlegam

410 3313 504 3391 mori
541 3312 652 3390 simul
680 3334 763 3388 oum
791 3311 879 3388 filiis
906 3311 1019 3407 meis3
1055 3320 1092 3388 et
1118 3311 1170 3390 sit
1204 3312 1284 3389 dies
1311 3311 1524 3410 deputatus.

410 3437 509 3532 Quia
528 3461 602 3516 nou
622 3461 738 3516 oense
757 3461 842 3514 mou
869 3447 927 3516 est
955 3437 1227 3516 dissensionem
1254 3439 1379 3514 iuuere
1407 3441 1526 3530 nasei,

409 3567 477 3646 sed
495 3567 665 3645 Joannes
692 3566 799 3665 Doey
819 3587 933 3642 eausa
951 3573 1010 3642 est
1042 3565 1245 3642 etiieiens.“
1278 3565 1329 3640 Et
1355 3565 1530 3642 dixerunt

411 3693 611 3771 uniuersi:
635 3693 800 3789 ,Vestra
828 3691 1092 3770 Illustrissime
1121 3691 1329 3768 dominacio
1357 3693 1529 3768 nonfuit

413 3845 529 3921 puer,
549 3843 622 3896 non
642 3819 713 3894 init
731 3820 949 3916 crapulatus
968 3843 993 3894 a
1010 3819 1118 3911 vino,
1139 3817 1237 3918 quod
1257 3840 1332 3894 non
1342 3818 1528 3916 potuisset

411 3947 644 4044 intelligere,
674 3945 773 4043 quod
801 3953 838 4022 et
864 3953 904 4021 tu
932 3947 1074 4042 absque
1102 3947 1187 4042 lege
1214 3943 1424 4023 interfluere
1446 3947 1528 4042 jns·

411 4075 496 4153 sisti
514 4075 669 4152 tratrem
688 4079 856 4150 nostrum
883 4079 960 4148 tem
988 4095 1165 4170 magnum
1192 4071 1377 4150 dominum
1397 4078 1434 4147 et
1461 4073 1527 4147 bo·

416 4225 503 4278 nnm
538 4200 692 4276 militem
731 4197 1009 4296 Christianum,
1037 4201 1100 4297 qni
1128 4205 1210 4276 erat
1246 4199 1354 4276 miles
1386 4195 1530 4274 Christi

412 4325 620 4428 presertim.
658 4325 762 4420 Ergo
800 4323 943 4402 Christi
981 4325 1079 4402 diota
1116 4335 1202 4402 est:
1231 4323 1316 4418 Qua
1353 4345 1531 4402 mensure

414 4453 638 4532 mensuresti
656 4451 791 4528 eedem'
804 4475 980 4530 mensura
1006 4453 1222 4530 remetietur
1248 4453 1328 4530 tibi.
1356 4451 1528 4530 Joennes

414 4581 523 4680 Doey
541 4603 610 4656 nos
628 4579 748 4678 ipsum
766 4581 863 4656 bene
881 4579 1019 4656 suimus
1039 4585 1076 4654 et
1103 4587 1229 4658 noster
1256 4587 1357 4674 erat,
1388 4579 1433 4656 de
1462 4605 1529 4658 nu·
1613 4585 1614 4595 *

415 4730 514 4782 mero
533 4713 698 4782 nostmm
717 4729 843 4782 easum
862 4713 900 4780 et
919 4707 997 4802 ipse
1016 4706 1129 4798 dedit,
1150 4709 1198 4782 ud
1217 4707 1361 4783 modum
1381 4705 1529 4784 scariot
