<?xml version="1.0" encoding="UTF-8"?>
<!DOCTYPE html PUBLIC "-//W3C//DTD XHTML 1.0 Transitional//EN"
    "http://www.w3.org/TR/xhtml1/DTD/xhtml1-transitional.dtd">
<html xmlns="http://www.w3.org/1999/xhtml" xml:lang="en" lang="en">
 <head>
  <title>
</title>
<meta http-equiv="Content-Type" content="text/html;charset=utf-8" />
  <meta name='ocr-system' content='tesseract 3.04.00' />
  <meta name='ocr-capabilities' content='ocr_page ocr_carea ocr_par ocr_line ocrx_word'/>
</head>
<body>
  <div class='ocr_page' id='page_1' title='image "./emlkiratamagyar00wenzgoog_0419.png"; bbox 0 0 3260 5226; ppageno 0'>
   <div class='ocr_carea' id='block_1_1' title="bbox 407 500 484 580">
    <p class='ocr_par' dir='ltr' id='par_1_1' title="bbox 407 500 484 580">
     <span class='ocr_line' id='line_1_1' title="bbox 407 500 484 580; baseline 0 0"><span class='ocrx_word' id='word_1_1' title='bbox 407 500 484 580; x_wconf 74' lang='lat'>372</span> 
     </span>
    </p>
   </div>
   <div class='ocr_carea' id='block_1_2' title="bbox 406 697 1525 924">
    <p class='ocr_par' dir='ltr' id='par_1_2' title="bbox 406 697 1525 924">
     <span class='ocr_line' id='line_1_2' title="bbox 406 697 1522 798; baseline -0.004 -21"><span class='ocrx_word' id='word_1_2' title='bbox 406 703 545 779; x_wconf 82' lang='lat' dir='ltr'>iactum</span> <span class='ocrx_word' id='word_1_3' title='bbox 564 708 658 777; x_wconf 77' lang='lat' dir='ltr'>erat:</span> <span class='ocrx_word' id='word_1_4' title='bbox 688 699 739 774; x_wconf 84' lang='lat' dir='ltr'>Et</span> <span class='ocrx_word' id='word_1_5' title='bbox 756 697 801 774; x_wconf 87' lang='lat' dir='ltr'>de</span> <span class='ocrx_word' id='word_1_6' title='bbox 821 697 973 797; x_wconf 84' lang='lat' dir='ltr'>opidulo</span> <span class='ocrx_word' id='word_1_7' title='bbox 1001 697 1166 776; x_wconf 84' lang='lat' dir='ltr'>Warean</span> <span class='ocrx_word' id='word_1_8' title='bbox 1185 721 1268 776; x_wconf 86' lang='lat' dir='ltr'>eun</span> <span class='ocrx_word' id='word_1_9' title='bbox 1286 697 1522 798; x_wconf 74' lang='lat' dir='ltr'>peruenisset</span> 
     </span>
     <span class='ocr_line' id='line_1_3' title="bbox 407 823 1525 924; baseline -0.005 -19"><span class='ocrx_word' id='word_1_10' title='bbox 407 828 554 924; x_wconf 77' lang='lat' dir='ltr'>Regina</span> <span class='ocrx_word' id='word_1_11' title='bbox 582 827 630 903; x_wconf 86' lang='lat' dir='ltr'>ad</span> <span class='ocrx_word' id='word_1_12' title='bbox 649 825 782 921; x_wconf 79' lang='lat' dir='ltr'>Gelu,</span> <span class='ocrx_word' id='word_1_13' title='bbox 812 831 850 900; x_wconf 87' lang='lat' dir='ltr'>et</span> <span class='ocrx_word' id='word_1_14' title='bbox 876 825 929 901; x_wconf 90' lang='lat' dir='ltr'>ibi</span> <span class='ocrx_word' id='word_1_15' title='bbox 958 823 1051 901; x_wconf 86' lang='lat' dir='ltr'>duaa</span> <span class='ocrx_word' id='word_1_16' title='bbox 1078 823 1238 901; x_wconf 76' lang='lat' dir='ltr'>ancillas</span> <span class='ocrx_word' id='word_1_17' title='bbox 1268 823 1460 924; x_wconf 78' lang='lat' dir='ltr'>sepellinit</span> <span class='ocrx_word' id='word_1_18' title='bbox 1484 823 1525 899; x_wconf 87' lang='lat' dir='ltr'>in</span> 
     </span>
    </p>
   </div>
   <div class='ocr_carea' id='block_1_3' title="bbox 294 947 1527 1052">
    <p class='ocr_par' dir='ltr' id='par_1_3' title="bbox 294 947 1527 1052">
     <span class='ocr_line' id='line_1_4' title="bbox 294 947 1527 1052; baseline -0.002 -23"><span class='ocrx_word' id='word_1_19' title='bbox 294 1035 296 1040; x_wconf 63' lang='grc'><em>,</em></span> <span class='ocrx_word' id='word_1_20' title='bbox 407 955 579 1032; x_wconf 79' lang='lat' dir='ltr'>ecelesia.</span> <span class='ocrx_word' id='word_1_21' title='bbox 607 953 717 1030; x_wconf 86' lang='lat' dir='ltr'><strong>Vnde</strong></span> <span class='ocrx_word' id='word_1_22' title='bbox 736 959 918 1028; x_wconf 84' lang='lat' dir='ltr'>venerant</span> <span class='ocrx_word' id='word_1_23' title='bbox 941 955 1021 1050; x_wconf 89' lang='lat' dir='ltr'>jam</span> <span class='ocrx_word' id='word_1_24' title='bbox 1043 974 1112 1052; x_wconf 89' lang='lat' dir='ltr'>per</span> <span class='ocrx_word' id='word_1_25' title='bbox 1129 951 1265 1029; x_wconf 87' lang='lat' dir='ltr'>vadum</span> <span class='ocrx_word' id='word_1_26' title='bbox 1283 950 1350 1029; x_wconf 89' lang='lat' dir='ltr'>flui</span> <span class='ocrx_word' id='word_1_27' title='bbox 1369 947 1466 1046; x_wconf 70' lang='lat' dir='ltr'>ctis,</span> <span class='ocrx_word' id='word_1_28' title='bbox 1488 961 1527 1028; x_wconf 87' lang='lat' dir='ltr'>et</span> 
     </span>
    </p>
   </div>
   <div class='ocr_carea' id='block_1_4' title="bbox 356 1077 1526 1568">
    <p class='ocr_par' dir='ltr' id='par_1_4' title="bbox 356 1077 1526 1568">
     <span class='ocr_line' id='line_1_5' title="bbox 408 1077 1526 1178; baseline -0.004 -23"><span class='ocrx_word' id='word_1_29' title='bbox 408 1080 599 1158; x_wconf 82' lang='lat' dir='ltr'>venissent</span> <span class='ocrx_word' id='word_1_30' title='bbox 618 1079 666 1155; x_wconf 87' lang='lat' dir='ltr'>ad</span> <span class='ocrx_word' id='word_1_31' title='bbox 685 1079 786 1154; x_wconf 87' lang='lat' dir='ltr'>Kwn</span> <span class='ocrx_word' id='word_1_32' title='bbox 805 1077 899 1154; x_wconf 86' lang='lat' dir='ltr'>Zent</span> <span class='ocrx_word' id='word_1_33' title='bbox 917 1077 1102 1178; x_wconf 86' lang='lat' dir='ltr'>Martouj‚</span> <span class='ocrx_word' id='word_1_34' title='bbox 1123 1086 1161 1154; x_wconf 90' lang='lat' dir='ltr'>et</span> <span class='ocrx_word' id='word_1_35' title='bbox 1177 1077 1230 1156; x_wconf 89' lang='lat' dir='ltr'>ibi</span> <span class='ocrx_word' id='word_1_36' title='bbox 1250 1101 1361 1155; x_wconf 88' lang='lat' dir='ltr'>vnum</span> <span class='ocrx_word' id='word_1_37' title='bbox 1381 1077 1526 1177; x_wconf 79' lang='lat' dir='ltr'>magni·</span> 
     </span>
     <span class='ocr_line' id='line_1_6' title="bbox 407 1203 1525 1304; baseline -0.002 -23"><span class='ocrx_word' id='word_1_38' title='bbox 407 1204 517 1283; x_wconf 87' lang='lat' dir='ltr'>fieum</span> <span class='ocrx_word' id='word_1_39' title='bbox 545 1207 728 1282; x_wconf 89' lang='lat' dir='ltr'>Polonum</span> <span class='ocrx_word' id='word_1_40' title='bbox 756 1203 960 1302; x_wconf 83' lang='lat' dir='ltr'>eepelliuit‚</span> <span class='ocrx_word' id='word_1_41' title='bbox 981 1213 1020 1280; x_wconf 89' lang='lat' dir='ltr'>et</span> <span class='ocrx_word' id='word_1_42' title='bbox 1037 1205 1199 1304; x_wconf 79' lang='lat' dir='ltr'>plebano</span> <span class='ocrx_word' id='word_1_43' title='bbox 1229 1205 1461 1283; x_wconf 66' lang='lat' dir='ltr'>obtullerunt</span> <span class='ocrx_word' id='word_1_44' title='bbox 1478 1205 1525 1280; x_wconf 90' lang='lat' dir='ltr'>li·</span> 
     </span>
     <span class='ocr_line' id='line_1_7' title="bbox 407 1328 1525 1444; baseline -0.003 -36"><span class='ocrx_word' id='word_1_45' title='bbox 407 1333 585 1410; x_wconf 88' lang='lat' dir='ltr'>baeionee</span> <span class='ocrx_word' id='word_1_46' title='bbox 604 1333 778 1444; x_wconf 67' lang='lat' dir='ltr'>eopioepe</span> <span class='ocrx_word' id='word_1_47' title='bbox 796 1328 845 1406; x_wconf 85' lang='lat' dir='ltr'>ad</span> <span class='ocrx_word' id='word_1_48' title='bbox 863 1329 1123 1408; x_wconf 72' lang='lat' dir='ltr'>horatiandum</span> <span class='ocrx_word' id='word_1_49' title='bbox 1142 1330 1209 1408; x_wconf 85' lang='lat' dir='ltr'>eie.</span> <span class='ocrx_word' id='word_1_50' title='bbox 1239 1331 1289 1406; x_wconf 86' lang='lat' dir='ltr'>Et</span> <span class='ocrx_word' id='word_1_51' title='bbox 1307 1331 1362 1408; x_wconf 81' lang='lat' dir='ltr'>oie</span> <span class='ocrx_word' id='word_1_52' title='bbox 1381 1329 1430 1407; x_wconf 86' lang='lat' dir='ltr'>ad</span> <span class='ocrx_word' id='word_1_53' title='bbox 1448 1329 1525 1407; x_wconf 86' lang='lat' dir='ltr'>Re·</span> 
     </span>
     <span class='ocr_line' id='line_1_8' title="bbox 356 1455 1525 1568; baseline -0.003 -30"><span class='ocrx_word' id='word_1_54' title='bbox 356 1558 361 1568; x_wconf 28' lang='grc' dir='ltr'><strong><em>Ι</em></strong></span> <span class='ocrx_word' id='word_1_55' title='bbox 407 1461 498 1556; x_wconf 77' lang='lat' dir='ltr'>gina</span> <span class='ocrx_word' id='word_1_56' title='bbox 526 1466 750 1558; x_wconf 86' lang='lat' dir='ltr'>pervenerat</span> <span class='ocrx_word' id='word_1_57' title='bbox 778 1456 828 1534; x_wconf 85' lang='lat' dir='ltr'>ad</span> <span class='ocrx_word' id='word_1_58' title='bbox 854 1455 979 1558; x_wconf 80' lang='lat' dir='ltr'>Lippa</span> <span class='ocrx_word' id='word_1_59' title='bbox 1005 1481 1088 1536; x_wconf 86' lang='lat' dir='ltr'>oum</span> <span class='ocrx_word' id='word_1_60' title='bbox 1116 1457 1194 1535; x_wconf 81' lang='lat' dir='ltr'>auio</span> <span class='ocrx_word' id='word_1_61' title='bbox 1221 1459 1406 1554; x_wconf 65' lang='lat' dir='ltr'>mteruia,</span> <span class='ocrx_word' id='word_1_62' title='bbox 1437 1459 1525 1557; x_wconf 85' lang='lat' dir='ltr'>quia</span> 
     </span>
    </p>
   </div>
   <div class='ocr_carea' id='block_1_5' title="bbox 409 1583 1524 1686">
    <p class='ocr_par' dir='ltr' id='par_1_5' title="bbox 409 1583 1524 1686">
     <span class='ocr_line' id='line_1_9' title="bbox 409 1583 1524 1686; baseline -0.002 -24"><span class='ocrx_word' id='word_1_63' title='bbox 409 1595 491 1665; x_wconf 88' lang='lat' dir='ltr'>erat</span> <span class='ocrx_word' id='word_1_64' title='bbox 509 1607 592 1663; x_wconf 87' lang='lat' dir='ltr'>oum</span> <span class='ocrx_word' id='word_1_65' title='bbox 612 1609 659 1661; x_wconf 89' lang='lat' dir='ltr'>ea</span> <span class='ocrx_word' id='word_1_66' title='bbox 677 1583 859 1680; x_wconf 84' lang='lat' dir='ltr'>Petrouit,</span> <span class='ocrx_word' id='word_1_67' title='bbox 880 1592 917 1658; x_wconf 88' lang='lat' dir='ltr'>et</span> <span class='ocrx_word' id='word_1_68' title='bbox 936 1586 1114 1663; x_wconf 82' lang='lat' dir='ltr'>Vrbanua</span> <span class='ocrx_word' id='word_1_69' title='bbox 1133 1583 1332 1686; x_wconf 87' lang='lat' dir='ltr'>Battyani,</span> <span class='ocrx_word' id='word_1_70' title='bbox 1353 1593 1392 1661; x_wconf 89' lang='lat' dir='ltr'>et</span> <span class='ocrx_word' id='word_1_71' title='bbox 1408 1584 1524 1660; x_wconf 82' lang='lat' dir='ltr'>irater</span> 
     </span>
    </p>
   </div>
   <div class='ocr_carea' id='block_1_6' title="bbox 409 1709 1169 1810">
    <p class='ocr_par' dir='ltr' id='par_1_6' title="bbox 409 1709 1169 1810">
     <span class='ocr_line' id='line_1_10' title="bbox 409 1709 1169 1810; baseline -0.005 -20"><span class='ocrx_word' id='word_1_72' title='bbox 409 1709 599 1810; x_wconf 79' lang='lat' dir='ltr'>Georgius</span> <span class='ocrx_word' id='word_1_73' title='bbox 618 1719 656 1787; x_wconf 95' lang='lat' dir='ltr'>et</span> <span class='ocrx_word' id='word_1_74' title='bbox 674 1713 741 1788; x_wconf 93' lang='lat' dir='ltr'>alii</span> <span class='ocrx_word' id='word_1_75' title='bbox 759 1709 866 1787; x_wconf 88' lang='lat' dir='ltr'>multi</span> <span class='ocrx_word' id='word_1_76' title='bbox 885 1719 993 1788; x_wconf 88' lang='lat' dir='ltr'>erant</span> <span class='ocrx_word' id='word_1_77' title='bbox 1011 1735 1092 1788; x_wconf 88' lang='lat' dir='ltr'>oum</span> <span class='ocrx_word' id='word_1_78' title='bbox 1112 1734 1169 1786; x_wconf 89' lang='lat' dir='ltr'>ea.</span> 
     </span>
    </p>
   </div>
   <div class='ocr_carea' id='block_1_7' title="bbox 734 1997 1214 2104">
    <p class='ocr_par' dir='ltr' id='par_1_7' title="bbox 734 1997 1214 2104">
     <span class='ocr_line' id='line_1_11' title="bbox 734 1997 1214 2104; baseline -0.004 -26"><span class='ocrx_word' id='word_1_79' title='bbox 734 1997 1066 2102; x_wconf 80' lang='lat' dir='ltr'>(CAPITULUM</span> <span class='ocrx_word' id='word_1_80' title='bbox 1094 1998 1214 2104; x_wconf 79' lang='lat' dir='ltr'>CVI).</span> 
     </span>
    </p>
   </div>
   <div class='ocr_carea' id='block_1_8' title="bbox 406 2214 1527 3964">
    <p class='ocr_par' dir='ltr' id='par_1_8' title="bbox 409 2214 1524 2553">
     <span class='ocr_line' id='line_1_12' title="bbox 514 2214 1524 2315; baseline 0.001 -24"><span class='ocrx_word' id='word_1_81' title='bbox 514 2215 606 2292; x_wconf 87' lang='lat' dir='ltr'>Inde</span> <span class='ocrx_word' id='word_1_82' title='bbox 620 2218 699 2315; x_wconf 88' lang='lat' dir='ltr'>jan</span> <span class='ocrx_word' id='word_1_83' title='bbox 719 2216 823 2292; x_wconf 83' lang='lat' dir='ltr'>Bude</span> <span class='ocrx_word' id='word_1_84' title='bbox 842 2224 1052 2295; x_wconf 81' lang='lat' dir='ltr'>recesserat</span> <span class='ocrx_word' id='word_1_85' title='bbox 1080 2214 1202 2294; x_wconf 78' lang='lat' dir='ltr'>Cesar</span> <span class='ocrx_word' id='word_1_86' title='bbox 1221 2215 1459 2293; x_wconf 79' lang='lat' dir='ltr'>Thuroarnm</span> <span class='ocrx_word' id='word_1_87' title='bbox 1479 2217 1524 2292; x_wconf 82' lang='lat' dir='ltr'>ed</span> 
     </span>
     <span class='ocr_line' id='line_1_13' title="bbox 409 2341 1523 2444; baseline 0.001 -26"><span class='ocrx_word' id='word_1_88' title='bbox 409 2343 554 2420; x_wconf 85' lang='lat' dir='ltr'>domum</span> <span class='ocrx_word' id='word_1_89' title='bbox 573 2364 678 2420; x_wconf 81' lang='lat' dir='ltr'>suam</span> <span class='ocrx_word' id='word_1_90' title='bbox 697 2366 781 2420; x_wconf 90' lang='lat' dir='ltr'>enm</span> <span class='ocrx_word' id='word_1_91' title='bbox 800 2365 936 2442; x_wconf 81' lang='lat' dir='ltr'>magno</span> <span class='ocrx_word' id='word_1_92' title='bbox 953 2341 1157 2444; x_wconf 86' lang='lat' dir='ltr'>triumpho,</span> <span class='ocrx_word' id='word_1_93' title='bbox 1177 2344 1360 2442; x_wconf 85' lang='lat' dir='ltr'>quiajam</span> <span class='ocrx_word' id='word_1_94' title='bbox 1380 2342 1523 2421; x_wconf 77' lang='lat' dir='ltr'>Boiam</span> 
     </span>
     <span class='ocr_line' id='line_1_14' title="bbox 409 2470 1154 2553; baseline 0.009 -7"><span class='ocrx_word' id='word_1_95' title='bbox 409 2470 457 2546; x_wconf 86' lang='lat' dir='ltr'>ad</span> <span class='ocrx_word' id='word_1_96' title='bbox 475 2493 607 2550; x_wconf 82' lang='lat' dir='ltr'>manue</span> <span class='ocrx_word' id='word_1_97' title='bbox 625 2494 714 2549; x_wconf 80' lang='lat' dir='ltr'>auae</span> <span class='ocrx_word' id='word_1_98' title='bbox 733 2472 898 2549; x_wconf 84' lang='lat' dir='ltr'>reoloeit.</span> <span class='ocrx_word' id='word_1_99' title='bbox 1149 2543 1154 2553; x_wconf 87' lang='grc'><em>,</em></span> 
     </span>
    </p>

    <p class='ocr_par' dir='ltr' id='par_1_9' title="bbox 406 2595 1527 3964">
     <span class='ocr_line' id='line_1_15' title="bbox 516 2595 1523 2697; baseline -0.001 -22"><span class='ocrx_word' id='word_1_100' title='bbox 516 2595 637 2690; x_wconf 85' lang='lat' dir='ltr'>Quum</span> <span class='ocrx_word' id='word_1_101' title='bbox 663 2601 742 2696; x_wconf 89' lang='lat' dir='ltr'>jam</span> <span class='ocrx_word' id='word_1_102' title='bbox 771 2597 943 2676; x_wconf 84' lang='lat' dir='ltr'>dominae</span> <span class='ocrx_word' id='word_1_103' title='bbox 970 2597 1171 2697; x_wconf 82' lang='lat' dir='ltr'>Verbwehj</span> <span class='ocrx_word' id='word_1_104' title='bbox 1200 2597 1381 2676; x_wconf 79' lang='lat' dir='ltr'>resideret</span> <span class='ocrx_word' id='word_1_105' title='bbox 1409 2597 1523 2692; x_wconf 83' lang='lat' dir='ltr'>Rode,</span> 
     </span>
     <span class='ocr_line' id='line_1_16' title="bbox 409 2724 1523 2825; baseline 0.002 -27"><span class='ocrx_word' id='word_1_106' title='bbox 409 2731 446 2799; x_wconf 89' lang='lat' dir='ltr'>et</span> <span class='ocrx_word' id='word_1_107' title='bbox 464 2735 559 2802; x_wconf 74' lang='lat' dir='ltr'>unua</span> <span class='ocrx_word' id='word_1_108' title='bbox 586 2725 701 2802; x_wconf 79' lang='lat' dir='ltr'>banea</span> <span class='ocrx_word' id='word_1_109' title='bbox 717 2725 757 2801; x_wconf 94' lang='lat' dir='ltr'>in</span> <span class='ocrx_word' id='word_1_110' title='bbox 776 2749 863 2824; x_wconf 82' lang='lat' dir='ltr'>aree</span> <span class='ocrx_word' id='word_1_111' title='bbox 890 2725 1095 2822; x_wconf 77' lang='lat' dir='ltr'>resideret3</span> <span class='ocrx_word' id='word_1_112' title='bbox 1116 2724 1260 2802; x_wconf 76' lang='lat' dir='ltr'>Thurri</span> <span class='ocrx_word' id='word_1_113' title='bbox 1274 2727 1355 2823; x_wconf 89' lang='lat' dir='ltr'>jam</span> <span class='ocrx_word' id='word_1_114' title='bbox 1374 2727 1523 2825; x_wconf 89' lang='lat' dir='ltr'>ineepe-</span> 
     </span>
     <span class='ocr_line' id='line_1_17' title="bbox 407 2851 1524 2952; baseline 0.001 -25"><span class='ocrx_word' id='word_1_115' title='bbox 407 2859 492 2927; x_wconf 86' lang='lat' dir='ltr'>rant</span> <span class='ocrx_word' id='word_1_116' title='bbox 518 2852 663 2929; x_wconf 80' lang='lat' dir='ltr'>animas</span> <span class='ocrx_word' id='word_1_117' title='bbox 690 2851 956 2948; x_wconf 86' lang='lat' dir='ltr'>Hungarorum</span> <span class='ocrx_word' id='word_1_118' title='bbox 985 2852 1212 2952; x_wconf 86' lang='lat' dir='ltr'>depredare,</span> <span class='ocrx_word' id='word_1_119' title='bbox 1243 2875 1288 2928; x_wconf 90' lang='lat' dir='ltr'>ae</span> <span class='ocrx_word' id='word_1_120' title='bbox 1311 2852 1349 2926; x_wconf 93' lang='lat' dir='ltr'>in</span> <span class='ocrx_word' id='word_1_121' title='bbox 1368 2852 1524 2950; x_wconf 89' lang='lat' dir='ltr'>eaptini·</span> 
     </span>
     <span class='ocr_line' id='line_1_18' title="bbox 406 2977 1527 3080; baseline -0.003 -27"><span class='ocrx_word' id='word_1_122' title='bbox 406 2985 522 3053; x_wconf 87' lang='lat' dir='ltr'>tatem</span> <span class='ocrx_word' id='word_1_123' title='bbox 560 2979 706 3057; x_wconf 83' lang='lat' dir='ltr'>vinetoa</span> <span class='ocrx_word' id='word_1_124' title='bbox 741 2979 946 3080; x_wconf 82' lang='lat' dir='ltr'>perducere</span> <span class='ocrx_word' id='word_1_125' title='bbox 984 2979 1031 3056; x_wconf 86' lang='lat' dir='ltr'>ad</span> <span class='ocrx_word' id='word_1_126' title='bbox 1060 2981 1189 3057; x_wconf 83' lang='lat' dir='ltr'>vrbem</span> <span class='ocrx_word' id='word_1_127' title='bbox 1218 2977 1441 3056; x_wconf 80' lang='lat' dir='ltr'>Budeneem.</span> <span class='ocrx_word' id='word_1_128' title='bbox 1479 2977 1527 3052; x_wconf 81' lang='lat' dir='ltr'>Et</span> 
     </span>
     <span class='ocr_line' id='line_1_19' title="bbox 408 3102 1524 3203; baseline 0.002 -25"><span class='ocrx_word' id='word_1_129' title='bbox 408 3102 576 3182; x_wconf 78' lang='lat' dir='ltr'>dominus</span> <span class='ocrx_word' id='word_1_130' title='bbox 595 3106 865 3202; x_wconf 76' lang='lat' dir='ltr'>cancellarius,</span> <span class='ocrx_word' id='word_1_131' title='bbox 894 3106 993 3203; x_wconf 88' lang='lat' dir='ltr'>qnod</span> <span class='ocrx_word' id='word_1_132' title='bbox 1018 3106 1161 3183; x_wconf 84' lang='lat' dir='ltr'>videret</span> <span class='ocrx_word' id='word_1_133' title='bbox 1178 3105 1271 3182; x_wconf 88' lang='lat' dir='ltr'>tolia</span> <span class='ocrx_word' id='word_1_134' title='bbox 1287 3105 1413 3180; x_wconf 87' lang='lat' dir='ltr'>faeere</span> <span class='ocrx_word' id='word_1_135' title='bbox 1430 3103 1524 3180; x_wconf 78' lang='lat' dir='ltr'>&#39;Pur-</span> 
     </span>
     <span class='ocr_line' id='line_1_20' title="bbox 408 3231 1523 3332; baseline -0.003 -26"><span class='ocrx_word' id='word_1_136' title='bbox 408 3253 535 3307; x_wconf 88' lang='lat' dir='ltr'>oarnm</span> <span class='ocrx_word' id='word_1_137' title='bbox 562 3238 711 3330; x_wconf 81' lang='lat' dir='ltr'>stupra,</span> <span class='ocrx_word' id='word_1_138' title='bbox 740 3231 881 3332; x_wconf 87' lang='lat' dir='ltr'>ineepit</span> <span class='ocrx_word' id='word_1_139' title='bbox 908 3255 974 3309; x_wconf 81' lang='lat' dir='ltr'>eoa</span> <span class='ocrx_word' id='word_1_140' title='bbox 998 3233 1187 3330; x_wconf 75' lang='lat' dir='ltr'>corrigere</span> <span class='ocrx_word' id='word_1_141' title='bbox 1211 3231 1338 3308; x_wconf 80' lang='lat' dir='ltr'>verbis</span> <span class='ocrx_word' id='word_1_142' title='bbox 1357 3231 1457 3326; x_wconf 79' lang='lat' dir='ltr'>euin,</span> <span class='ocrx_word' id='word_1_143' title='bbox 1487 3237 1523 3306; x_wconf 86' lang='lat' dir='ltr'>et</span> 
     </span>
     <span class='ocr_line' id='line_1_21' title="bbox 408 3355 1522 3457; baseline 0 -24"><span class='ocrx_word' id='word_1_144' title='bbox 408 3356 601 3457; x_wconf 81' lang='lat' dir='ltr'>precipere</span> <span class='ocrx_word' id='word_1_145' title='bbox 618 3358 686 3454; x_wconf 84' lang='lat' dir='ltr'>eie,</span> <span class='ocrx_word' id='word_1_146' title='bbox 706 3365 747 3432; x_wconf 85' lang='lat' dir='ltr'>vt</span> <span class='ocrx_word' id='word_1_147' title='bbox 764 3357 809 3434; x_wconf 87' lang='lat' dir='ltr'>de</span> <span class='ocrx_word' id='word_1_148' title='bbox 828 3359 896 3435; x_wconf 87' lang='lat' dir='ltr'>tali</span> <span class='ocrx_word' id='word_1_149' title='bbox 913 3359 1093 3437; x_wconf 77' lang='lat' dir='ltr'>iocinoris</span> <span class='ocrx_word' id='word_1_150' title='bbox 1111 3358 1360 3436; x_wconf 84' lang='lat' dir='ltr'>ieoeeearent.</span> <span class='ocrx_word' id='word_1_151' title='bbox 1381 3355 1433 3434; x_wconf 89' lang='lat' dir='ltr'>Et</span> <span class='ocrx_word' id='word_1_152' title='bbox 1444 3359 1522 3456; x_wconf 86' lang='lat' dir='ltr'>jam</span> 
     </span>
     <span class='ocr_line' id='line_1_22' title="bbox 408 3483 1525 3586; baseline -0.002 -25"><span class='ocrx_word' id='word_1_153' title='bbox 408 3483 628 3562; x_wconf 74' lang='lat' dir='ltr'>secundario</span> <span class='ocrx_word' id='word_1_154' title='bbox 665 3484 807 3562; x_wconf 79' lang='lat' dir='ltr'>Thurri</span> <span class='ocrx_word' id='word_1_155' title='bbox 844 3485 1113 3586; x_wconf 82' lang='lat' dir='ltr'>depredaaeent</span> <span class='ocrx_word' id='word_1_156' title='bbox 1149 3510 1260 3562; x_wconf 78' lang='lat' dir='ltr'>unam</span> <span class='ocrx_word' id='word_1_157' title='bbox 1297 3485 1460 3578; x_wconf 84' lang='lat' dir='ltr'>villam,</span> <span class='ocrx_word' id='word_1_158' title='bbox 1489 3493 1525 3559; x_wconf 89' lang='lat' dir='ltr'>et</span> 
     </span>
     <span class='ocr_line' id='line_1_23' title="bbox 409 3611 1521 3712; baseline 0 -24"><span class='ocrx_word' id='word_1_159' title='bbox 409 3611 505 3712; x_wconf 86' lang='lat' dir='ltr'>quod</span> <span class='ocrx_word' id='word_1_160' title='bbox 523 3613 614 3688; x_wconf 88' lang='lat' dir='ltr'>ville</span> <span class='ocrx_word' id='word_1_161' title='bbox 632 3620 829 3711; x_wconf 86' lang='lat' dir='ltr'>patronam</span> <span class='ocrx_word' id='word_1_162' title='bbox 856 3613 1085 3690; x_wconf 84' lang='lat' dir='ltr'>deduxerant</span> <span class='ocrx_word' id='word_1_163' title='bbox 1113 3613 1160 3690; x_wconf 85' lang='lat' dir='ltr'>ad</span> <span class='ocrx_word' id='word_1_164' title='bbox 1188 3613 1343 3690; x_wconf 87' lang='lat' dir='ltr'>Budam.</span> <span class='ocrx_word' id='word_1_165' title='bbox 1374 3611 1424 3688; x_wconf 86' lang='lat' dir='ltr'>Et</span> <span class='ocrx_word' id='word_1_166' title='bbox 1442 3613 1521 3706; x_wconf 84' lang='lat' dir='ltr'>illa,</span> 
     </span>
     <span class='ocr_line' id='line_1_24' title="bbox 408 3738 1524 3837; baseline 0.001 -22"><span class='ocrx_word' id='word_1_167' title='bbox 408 3739 505 3837; x_wconf 86' lang='lat' dir='ltr'>qnod</span> <span class='ocrx_word' id='word_1_168' title='bbox 532 3739 627 3815; x_wconf 87' lang='lat' dir='ltr'>vidit</span> <span class='ocrx_word' id='word_1_169' title='bbox 653 3738 822 3815; x_wconf 81' lang='lat' dir='ltr'>Marcum</span> <span class='ocrx_word' id='word_1_170' title='bbox 850 3739 974 3837; x_wconf 87' lang='lat' dir='ltr'>Deak,</span> <span class='ocrx_word' id='word_1_171' title='bbox 1005 3741 1152 3818; x_wconf 88' lang='lat' dir='ltr'>eiwlan.</span> <span class='ocrx_word' id='word_1_172' title='bbox 1183 3765 1228 3817; x_wconf 90' lang='lat' dir='ltr'>ae</span> <span class='ocrx_word' id='word_1_173' title='bbox 1246 3741 1444 3817; x_wconf 79' lang='lat' dir='ltr'>lacrimata</span> <span class='ocrx_word' id='word_1_174' title='bbox 1461 3738 1524 3816; x_wconf 84' lang='lat' dir='ltr'>‹io-</span> 
     </span>
     <span class='ocr_line' id='line_1_25' title="bbox 411 3863 1524 3964; baseline -0.001 -20"><span class='ocrx_word' id='word_1_175' title='bbox 411 3867 511 3944; x_wconf 87' lang='lat' dir='ltr'>mina</span> <span class='ocrx_word' id='word_1_176' title='bbox 529 3865 756 3964; x_wconf 80' lang='lat' dir='ltr'>deprecabat</span> <span class='ocrx_word' id='word_1_177' title='bbox 765 3863 935 3942; x_wconf 79' lang='lat' dir='ltr'>Marcum</span> <span class='ocrx_word' id='word_1_178' title='bbox 954 3865 1190 3962; x_wconf 70' lang='lat' dir='ltr'>Litterarum,</span> <span class='ocrx_word' id='word_1_179' title='bbox 1201 3866 1421 3943; x_wconf 81' lang='lat' dir='ltr'>vtdominue</span> <span class='ocrx_word' id='word_1_180' title='bbox 1439 3889 1524 3943; x_wconf 85' lang='lat' dir='ltr'>ean·</span> 
     </span>
    </p>
   </div>
   <div class='ocr_carea' id='block_1_9' title="bbox 409 3979 1607 4450">
    <p class='ocr_par' dir='ltr' id='par_1_10' title="bbox 409 3979 1607 4479">
     <span class='ocr_line' id='line_1_26' title="bbox 409 3979 1607 4093; baseline 0.003 -27"><span class='ocrx_word' id='word_1_181' title='bbox 409 3992 587 4069; x_wconf 82' lang='lat' dir='ltr'>eellariua</span> <span class='ocrx_word' id='word_1_182' title='bbox 618 4013 665 4067; x_wconf 92' lang='lat' dir='ltr'>ne</span> <span class='ocrx_word' id='word_1_183' title='bbox 694 3991 889 4069; x_wconf 85' lang='lat' dir='ltr'>adniteret</span> <span class='ocrx_word' id='word_1_184' title='bbox 916 3993 1038 4092; x_wconf 80' lang='lat' dir='ltr'>ipsam</span> <span class='ocrx_word' id='word_1_185' title='bbox 1065 4001 1218 4093; x_wconf 89' lang='lat' dir='ltr'>portare</span> <span class='ocrx_word' id='word_1_186' title='bbox 1246 3991 1295 4069; x_wconf 83' lang='lat' dir='ltr'>ad</span> <span class='ocrx_word' id='word_1_187' title='bbox 1321 3991 1524 4086; x_wconf 58' lang='lat' dir='ltr'>&#39;Iuniam</span> <span class='ocrx_word' id='word_1_188' title='bbox 1606 3979 1607 3991; x_wconf 16' lang='grc' dir='ltr'><strong><em>Ν</em></strong></span> 
     </span>
     <span class='ocr_line' id='line_1_27' title="bbox 413 4117 1605 4218; baseline 0 -22"><span class='ocrx_word' id='word_1_189' title='bbox 413 4121 524 4218; x_wconf 85' lang='lat' dir='ltr'>„quia</span> <span class='ocrx_word' id='word_1_190' title='bbox 542 4120 575 4196; x_wconf 82' lang='lat' dir='ltr'>si</span> <span class='ocrx_word' id='word_1_191' title='bbox 596 4143 655 4194; x_wconf 89' lang='lat' dir='ltr'>me</span> <span class='ocrx_word' id='word_1_192' title='bbox 673 4125 797 4218; x_wconf 84' lang='lat' dir='ltr'>potest</span> <span class='ocrx_word' id='word_1_193' title='bbox 823 4120 1021 4196; x_wconf 80' lang='lat' dir='ltr'>absoluere</span> <span class='ocrx_word' id='word_1_194' title='bbox 1040 4119 1085 4196; x_wconf 85' lang='lat' dir='ltr'>de</span> <span class='ocrx_word' id='word_1_195' title='bbox 1105 4120 1277 4198; x_wconf 78' lang='lat' dir='ltr'>manibus</span> <span class='ocrx_word' id='word_1_196' title='bbox 1303 4117 1523 4214; x_wconf 79' lang='lat' dir='ltr'>anaarum,</span> <span class='ocrx_word' id='word_1_197' title='bbox 1604 4133 1605 4153; x_wconf 60' lang='lat'>¹</span> 
     </span>
     <span class='ocr_line' id='line_1_28' title="bbox 410 4246 1518 4346; baseline -0.003 -25"><span class='ocrx_word' id='word_1_198' title='bbox 410 4253 546 4322; x_wconf 87' lang='lat' dir='ltr'>extuuo</span> <span class='ocrx_word' id='word_1_199' title='bbox 563 4246 839 4346; x_wconf 78' lang='lat' dir='ltr'>possessionem</span> <span class='ocrx_word' id='word_1_200' title='bbox 857 4269 962 4324; x_wconf 83' lang='lat' dir='ltr'>auam</span> <span class='ocrx_word' id='word_1_201' title='bbox 981 4247 1053 4324; x_wconf 86' lang='lat' dir='ltr'>eibi</span> <span class='ocrx_word' id='word_1_202' title='bbox 1072 4247 1230 4344; x_wconf 82' lang='lat' dir='ltr'>eligeret</span> <span class='ocrx_word' id='word_1_203' title='bbox 1247 4247 1286 4322; x_wconf 94' lang='lat' dir='ltr'>in</span> <span class='ocrx_word' id='word_1_204' title='bbox 1303 4249 1518 4346; x_wconf 86' lang='lat' dir='ltr'>perpetue.“</span> 
     </span>
     <span class='ocr_line' id='line_1_29' title="bbox 409 4369 1521 4450; baseline 0.002 -4"><span class='ocrx_word' id='word_1_205' title='bbox 409 4369 492 4446; x_wconf 88' lang='lat' dir='ltr'>Hee</span> <span class='ocrx_word' id='word_1_206' title='bbox 509 4377 626 4448; x_wconf 89' lang='lat' dir='ltr'>verba</span> <span class='ocrx_word' id='word_1_207' title='bbox 644 4371 812 4450; x_wconf 80' lang='lat' dir='ltr'>molieris</span> <span class='ocrx_word' id='word_1_208' title='bbox 838 4373 953 4450; x_wconf 89' lang='lat' dir='ltr'>nobili</span> <span class='ocrx_word' id='word_1_209' title='bbox 981 4371 1187 4450; x_wconf 80' lang='lat' dir='ltr'>Litteratua</span> <span class='ocrx_word' id='word_1_210' title='bbox 1214 4371 1366 4450; x_wconf 86' lang='lat' dir='ltr'>Marone</span> <span class='ocrx_word' id='word_1_211' title='bbox 1383 4373 1521 4450; x_wconf 79' lang='lat' dir='ltr'>resera·</span> 
     </span>
    </p>
   </div>
   <div class='ocr_carea' id='block_1_10' title="bbox 409 4496 1600 4597">
    <p class='ocr_par' dir='ltr' id='par_1_11' title="bbox 409 4496 1600 4597">
     <span class='ocr_line' id='line_1_30' title="bbox 409 4496 1600 4597; baseline 0.002 -25"><span class='ocrx_word' id='word_1_212' title='bbox 409 4496 464 4573; x_wconf 84' lang='lat' dir='ltr'>uit</span> <span class='ocrx_word' id='word_1_213' title='bbox 480 4496 629 4575; x_wconf 87' lang='lat' dir='ltr'>domino</span> <span class='ocrx_word' id='word_1_214' title='bbox 648 4500 896 4597; x_wconf 85' lang='lat' dir='ltr'>oaneellario;</span> <span class='ocrx_word' id='word_1_215' title='bbox 925 4509 963 4578; x_wconf 84' lang='lat' dir='ltr'>et</span> <span class='ocrx_word' id='word_1_216' title='bbox 981 4523 1064 4576; x_wconf 88' lang='lat' dir='ltr'>eom</span> <span class='ocrx_word' id='word_1_217' title='bbox 1083 4499 1154 4576; x_wconf 90' lang='lat' dir='ltr'>hee</span> <span class='ocrx_word' id='word_1_218' title='bbox 1172 4501 1335 4578; x_wconf 82' lang='lat' dir='ltr'>aeneien.</span> <span class='ocrx_word' id='word_1_219' title='bbox 1355 4497 1522 4576; x_wconf 74' lang='lat' dir='ltr'>dominus</span> <span class='ocrx_word' id='word_1_220' title='bbox 1599 4525 1600 4561; x_wconf 60' lang='lat' dir='ltr'>l</span> 
     </span>
    </p>
   </div>
   <div class='ocr_carea' id='block_1_11' title="bbox 410 4623 1518 4725">
    <p class='ocr_par' dir='ltr' id='par_1_12' title="bbox 410 4623 1518 4725">
     <span class='ocr_line' id='line_1_31' title="bbox 410 4623 1518 4725; baseline 0.003 -28"><span class='ocrx_word' id='word_1_221' title='bbox 410 4623 680 4718; x_wconf 68' lang='lat' dir='ltr'>metallarius,</span> <span class='ocrx_word' id='word_1_222' title='bbox 710 4624 917 4720; x_wconf 87' lang='lat' dir='ltr'>mandauit,</span> <span class='ocrx_word' id='word_1_223' title='bbox 938 4634 978 4702; x_wconf 82' lang='lat' dir='ltr'>vt</span> <span class='ocrx_word' id='word_1_224' title='bbox 996 4648 1129 4725; x_wconf 90' lang='lat' dir='ltr'>equum</span> <span class='ocrx_word' id='word_1_225' title='bbox 1147 4627 1220 4704; x_wconf 82' lang='lat' dir='ltr'>eibi</span> <span class='ocrx_word' id='word_1_226' title='bbox 1238 4633 1433 4725; x_wconf 82' lang='lat' dir='ltr'>portarent</span> <span class='ocrx_word' id='word_1_227' title='bbox 1450 4626 1518 4702; x_wconf 85' lang='lat' dir='ltr'>ael-</span> 
     </span>
    </p>
   </div>
   <div class='ocr_carea' id='block_1_12' title="bbox 410 4743 1597 4852">
    <p class='ocr_par' dir='ltr' id='par_1_13' title="bbox 410 4743 1597 4852">
     <span class='ocr_line' id='line_1_32' title="bbox 410 4743 1597 4852; baseline 0.006 -30"><span class='ocrx_word' id='word_1_228' title='bbox 410 4747 537 4822; x_wconf 87' lang='lat' dir='ltr'>latnm.</span> <span class='ocrx_word' id='word_1_229' title='bbox 556 4749 607 4823; x_wconf 87' lang='lat' dir='ltr'>Et</span> <span class='ocrx_word' id='word_1_230' title='bbox 625 4757 877 4846; x_wconf 86' lang='lat' dir='ltr'>portauerant,</span> <span class='ocrx_word' id='word_1_231' title='bbox 897 4751 1095 4829; x_wconf 75' lang='lat' dir='ltr'>aseenden.</span> <span class='ocrx_word' id='word_1_232' title='bbox 1116 4775 1228 4852; x_wconf 80' lang='lat' dir='ltr'>anper</span> <span class='ocrx_word' id='word_1_233' title='bbox 1244 4773 1378 4850; x_wconf 88' lang='lat' dir='ltr'>equum</span> <span class='ocrx_word' id='word_1_234' title='bbox 1397 4773 1516 4844; x_wconf 66' lang='lat' dir='ltr'>annm</span> <span class='ocrx_word' id='word_1_235' title='bbox 1596 4743 1597 4805; x_wconf 77' lang='lat' dir='ltr'>l</span> 
     </span>
    </p>
   </div>
   <div class='ocr_carea' id='block_1_13' title="bbox 0 0 1635 5226">
    <p class='ocr_par' dir='ltr' id='par_1_14' title="bbox 0 0 1635 5226">
     <span class='ocr_line' id='line_1_33' title="bbox 0 0 1635 5226; baseline 0 0"><span class='ocrx_word' id='word_1_236' title='bbox 0 0 1635 5226; x_wconf 95' lang='lat' dir='ltr'> </span> 
     </span>
    </p>
   </div>
  </div>
 </body>
</html>
