3226 5220
431 497 507 574 140

431 696 611 797 nreoipue
637 695 862 774 Franoisous
889 696 1089 798 Battyani3
1118 701 1156 772 et
1173 697 1350 795 loquaoes
1368 705 1477 774 erant
1496 699 1552 773 ad

430 823 503 900 buo
530 823 568 899 in
596 823 674 898 vita
702 845 841 900 eorum.
871 824 922 900 Et
949 824 1020 900 heo
1047 824 1247 900 dicebant:
1272 821 1551 922 „Serenissime

430 949 531 1046 Rex,
552 950 606 1026 nil
623 971 751 1026 ouram
769 949 911 1026 babeas
930 949 975 1025 de
995 971 1153 1044 aurona,
1174 950 1356 1047 quiajam
1376 973 1418 1026 es
1436 973 1550 1028 eoro-

333 1110 335 1121 ¹
430 1087 559 1172 natus,
586 1083 623 1152 et
641 1077 766 1154 nullus
793 1083 919 1174 potest
947 1097 1030 1153 esse
1063 1075 1160 1152 alius
1188 1083 1386 1154 eoronatus
1414 1085 1553 1154 eontra

432 1207 668 1304 Majestetem
686 1203 863 1280 Vestram
872 1202 911 1278 in
921 1203 1001 1279 vita
1017 1203 1118 1280 tua.“

536 1330 620 1406 Rex
638 1329 807 1408 Joannes
830 1331 945 1427 jussit
973 1329 1062 1406 dare
1082 1329 1131 1405 ad
1149 1351 1281 1408 manus
1302 1329 1405 1406 Petri
1424 1331 1551 1428 Primi,

430 1469 468 1537 et
485 1459 639 1556 insuper
655 1455 892 1533 raiuodatum
912 1455 1307 1553 Transilnaniensem3
1328 1456 1416 1556 quia
1433 1465 1552 1556 pater

431 1585 550 1684 ipsius
569 1583 673 1660 Petri
692 1581 798 1660 Prini
817 1582 1013 1658 Emerious
1042 1583 1253 1682 palatinos,
1283 1583 1368 1658 dum
1391 1583 1555 1661 sinebat

431 1711 625 1810 sepissime
644 1711 803 1806 rogabat
821 1707 1005 1785 loannem
1024 1700 1232 1806 minutiam,
1243 1716 1284 1783 vt
1298 1708 1415 1788 filium
1425 1733 1555 1786 meum

433 1839 585 1915 Petrum
612 1836 719 1912 Prini
748 1835 961 1912 commendo
990 1835 1058 1912 sub
1085 1836 1240 1912 tutelam
1267 1859 1315 1912 m.
1344 1847 1491 1932 vestre3
1513 1845 1557 1912 et

434 1965 516 2063 ipse
535 1983 620 2039 mox
640 1963 711 2040 sibi
730 1965 999 2062 spopondebat‚
1020 1969 1057 2038 et
1075 1969 1332 2061 postmortem
1350 1963 1471 2062 patris
1490 1965 1556 2038 sni

435 2089 546 2166 valde
565 2089 637 2166 sibi
656 2089 808 2166 fauebat
826 2089 951 2185 Petro,
972 2088 1061 2186 quia
1075 2090 1237 2188 jamdiu
1255 2086 1551 2190 prophetabant,

436 2215 534 2313 quod
560 2236 794 2312 nequaquam
822 2224 946 2315 potest
973 2217 1076 2294 abiro
1104 2217 1273 2294 Joannes
1300 2215 1482 2310 rainois,
1510 2223 1559 2290 vt

436 2343 520 2418 Rex
538 2364 613 2418 non
631 2339 749 2418 fieret.
769 2343 820 2418 Et
839 2343 921 2420 Rex
939 2343 1261 2447 insuperobtullit
1278 2344 1313 2418 ei
1331 2343 1557 2421 bauderium

437 2490 611 2566 magnum
629 2468 799 2546 decorem
820 2479 857 2546 et
876 2471 1066 2570 deaurato,
1088 2471 1186 2572 quod
1205 2478 1311 2548 erant
1329 2471 1368 2546 in
1386 2469 1556 2569 palacio.

438 2597 490 2672 Et
514 2595 695 2672 vexillum
722 2597 899 2675 volebant
927 2607 1033 2678 extra
1061 2607 1212 2699 portare
1232 2598 1277 2674 de
1296 2597 1444 2696 palaoio
1463 2621 1559 2695 pre-

437 2723 571 2824 positi;
590 2729 1251 2822 repentesurrgensmagnusventus‚
1271 2723 1437 2800 miratos
1455 2731 1557 2812 erat,

439 2873 550 2948 quum
573 2853 651 2948 jam
670 2860 821 2951 portare
848 2853 1044 2948 volebant,
1074 2859 1208 2928 ventus
1237 2859 1339 2930 retro
1365 2849 1558 2942 trudebat,

439 2983 477 3064 et
494 2977 633 3054 milites
651 2979 796 3056 fortiter
816 2980 960 3081 eapien.
980 2981 1171 3076 vexillum,
1191 2987 1229 3055 et
1247 2985 1328 3054 erat
1342 2977 1381 3052 in
1398 2997 1560 3052 numero

441 3101 632 3180 duodeoim
661 3111 699 3180 et
726 3127 870 3182 rursum
898 3114 977 3184 etro
1004 3109 1121 3184 traxit
1155 3113 1299 3182 ventus.
1340 3103 1480 3180 Postea
1509 3103 1563 3178 de

440 3227 544 3326 ligno
570 3229 789 3306 banderium
815 3239 1070 3329 retraxerunt,
1099 3241 1137 3309 et
1164 3233 1220 3308 sio
1246 3229 1400 3332 paoifioe
1426 3235 1569 3326 portas

440 3361 585 3432 uerunt.
614 3355 720 3434 More
740 3357 942 3438 Ladislaos
969 3367 1121 3460 propter
1149 3358 1425 3460 possessionem
1452 3352 1562 3431 Lau·

335 3575 340 3592 .
443 3483 559 3558 reuoii
577 3483 681 3562 duois
709 3485 833 3562 statim
853 3486 899 3563 de
918 3488 1068 3566 ciuitate
1093 3487 1245 3562 exilium
1263 3485 1446 3578 iaciebat,
1466 3483 1565 3580 quia

444 3610 630 3687 metuebat
647 3611 720 3688 iam
739 3611 858 3710 Regis
876 3615 1133 3692 locumteneu..
1161 3614 1212 3690 Et
1230 3609 1432 3690 Valentino
1451 3609 1561 3708 ispa·

444 3741 570 3811 natum
597 3735 928 3818 Themeswarien..
968 3741 1018 3816 Et
1045 3739 1124 3818 suis
1151 3738 1315 3838 antiquis
1352 3735 1564 3814 servitores

444 3883 533 3938 suos
552 3885 634 3942 oum
654 3865 750 3944 nihil
768 3869 946 3967 respexit.
1185 3965 1188 3976 Ι

551 3989 603 4066 Et
614 3992 694 4089 jam
712 3993 814 4070 laute
833 3995 1031 4072 comedunt
1048 4003 1088 4072 et
1104 3993 1249 4088 bibunt,
1268 3988 1502 4092 triumphant
1519 3989 1565 4066 in

446 4114 586 4206 aitaris,
614 4118 653 4194 in
679 4119 876 4220 timpanis,
907 4122 945 4198 in
972 4123 1075 4200 tibiis
1102 4145 1246 4215 ranem,
1275 4113 1559 4217 quieuere-1

446 4241 655 4322 ooufidebat
673 4267 764 4343 erga
783 4247 935 4326 Petrum
953 4248 1058 4326 Priui
1077 4257 1115 4325 et
1132 4247 1376 4326 Valentinum
1385 4241 1564 4338 Therelr,

448 4370 546 4468 quod
563 4371 637 4472 ipsi
655 4383 902 4452 memorarent
920 4375 965 4452 de
984 4375 1132 4456 Joanne
1149 4373 1328 4466 rainois,
1348 4369 1447 4470 quod
1463 4369 1568 4446 bene

358 4540 362 4549 =
447 4495 504 4572 eis
522 4496 684 4576 iecisset.
704 4497 858 4578 Interim
877 4507 1181 4580 mevooauernnt
1199 4495 1474 4599 aspanorum,
1494 4495 1566 4572 vbi

442 4623 523 4722 jam
550 4622 722 4700 solebant
748 4627 942 4706 oomedere
969 4627 1081 4706 aulioi
1109 4633 1147 4704 et
1173 4619 1411 4726 oubi(ou)lari
1440 4620 1570 4716 Regis

448 4746 662 4846 Majestatis
682 4749 786 4828 Bora
805 4752 969 4850 Berobe,
991 4754 1171 4834 Thomori
1190 4745 1421 4854 La(‹lisl)us,
1441 4745 1568 4826 Fran·
