3226 5220
410 451 491 530 224

408 649 478 722 fuit
496 669 617 724 coram
637 647 817 724 altissimo
837 647 938 744 Deo,
959 650 1057 747 quod
1075 652 1223 748 quando
1253 653 1519 751 appropinque-

409 777 474 851 bat
490 796 625 871 pasca,
646 779 683 850 et
700 781 785 873 post
802 797 916 874 pasca
934 774 1098 852 secunda
1126 779 1241 875 feria,
1275 777 1391 855 tercia
1418 779 1522 872 feria,

409 910 543 1000 quarta
579 901 674 978 feria
710 926 778 1002 per
805 903 971 1000 singulos
997 912 1150 1004 propter
1185 907 1527 1006 peregrinacionem

409 1031 525 1106 multa
544 1037 673 1129 stupra
690 1028 832 1106 lasciue
851 1030 1038 1108 faciebant
1061 1055 1129 1130 per
1158 1057 1342 1112 cauernae
1369 1033 1527 1111 nemoris

409 1157 588 1234 bestiales
597 1156 762 1253 virgines
772 1154 840 1259 (et)
851 1163 975 1236 castas
984 1160 1156 1236 mulieres
1165 1161 1439 1239 incontineuciis
1447 1159 1527 1237 siue

409 1283 592 1381 ingurati‚
631 1285 711 1360 siue
738 1281 915 1380 religiosi.
945 1285 1150 1384 Propterea
1178 1287 1282 1364 Deus
1309 1287 1424 1363 noluit
1449 1311 1527 1362 am·

410 1411 509 1508 plius
528 1433 610 1488 cum
629 1434 736 1489 servo
765 1433 831 1488 suo
857 1413 977 1490 Paulo
1004 1413 1204 1512 heremita,
1234 1421 1276 1491 vt
1301 1415 1531 1493 occasionem

411 1559 515 1616 suam
534 1537 690 1614 haberet
708 1561 831 1616 eoram
850 1539 943 1618 Deo.

521 1665 573 1740 Et
591 1672 747 1742 venerat
765 1666 939 1744 nunecius
967 1666 1015 1743 ad
1042 1667 1227 1746 Tamcwo
1254 1667 1300 1744 de
1328 1665 1529 1762 Triuohin3

414 1791 523 1868 etsie
541 1792 667 1869 taliter
685 1794 881 1872 fabulabat
900 1795 1020 1892 Regio
1047 1795 1260 1894 Majestati3
1292 1803 1331 1872 et
1357 1802 1399 1871 ut
1425 1793 1531 1869 daret

413 1925 560 2014 gentem
589 1920 741 2016 fortem,
765 1927 807 1994 vt
836 1921 1029 2020 expediret
1057 1945 1311 2000 orcomenam
1339 1918 1529 2012 Triuehiu‚

415 2044 596 2142 quiajam
614 2069 691 2122 nou
706 2054 836 2145 posset
852 2055 979 2124 tenere
997 2049 1204 2148 plusquam
1223 2049 1317 2126 dnos
1326 2047 1526 2140 mensibus,

416 2169 517 2246 odie
537 2173 865 2251 annunociaeionis
884 2175 1055 2272 Virginis
1074 2176 1196 2254 Maria
1215 2199 1333 2274 vsque
1344 2176 1394 2251 ad
1403 2196 1530 2251 ascen-

417 2298 534 2375 sionis
553 2298 718 2376 Domini.
740 2299 790 2374 Et
809 2298 891 2376 Rex
910 2300 937 2378 J
938 2323 1079 2378 oannes
1096 2303 1323 2378 relacionem
1341 2302 1432 2378 fecit
1448 2323 1532 2400 pre·

417 2425 560 2502 cursori
578 2425 743 2501 Michale
762 2425 889 2520 Deak,
909 2433 950 2501 vt
968 2449 1128 2525 nequam
1138 2427 1318 2504 concedat
1335 2429 1391 2505 eis
1410 2451 1533 2503 arcem

417 2553 737 2650 'PriueiniensemJ
767 2553 833 2629 sed
853 2555 901 2631 ad
920 2563 1032 2654 caput
1049 2556 1225 2654 frangere
1244 2556 1398 2652 debeat,
1417 2555 1534 2632 donee

417 2689 542 2782 potest
569 2681 733 2780 seipsum
759 2681 923 2758 hatitare
951 2681 996 2757 de
1025 2684 1165 2778 angulo
1193 2681 1242 2758 ad
1269 2683 1459 2780 angulum.
1485 2679 1536 2756 Et

419 2810 476 2886 sic
495 2811 670 2886 obseruat
688 2801 747 2912 iii
772 2831 900 2886 cursor
928 2809 1112 2885 reiterans
1136 2831 1177 2886 se
1204 2809 1338 2884 iterum
1357 2807 1406 2884 cd
1424 2807 1534 2885 Trin-

419 2937 519 3014 ohiu.
540 2935 592 3011 Et
608 2935 855 3031 interrogauit
873 2934 1037 3011 Michael
1053 2935 1178 3032 Beck,
1199 2934 1536 3034 quodsiexpensas

419 3064 503 3141 Rex
522 3063 692 3141 Joaunes
721 3061 926 3138 destinauit
943 3069 1008 3138 ant
1026 3085 1122 3159 non;
1152 3069 1189 3139 et
1206 3065 1321 3140 wltue
1339 3069 1536 3162 protegere

420 3213 543 3266 arcem
572 3189 756 3265 Trinehin
783 3197 848 3265 aut
875 3213 961 3266 non.
992 3188 1100 3266 Dixit
1128 3213 1357 3292 precursor:
1382 3189 1536 3288 „Neque

420 3340 627 3414 expensas,
657 3337 778 3414 neque
807 3315 1008 3394 defendere
1026 3317 1112 3413 wlt;
1137 3317 1204 3394 sed
1221 3317 1410 3417 precepit,
1431 3323 1473 3392 vt
1492 3313 1536 3390 ad

420 3450 532 3543 caput
548 3451 653 3520 tuum
671 3467 789 3542 supra
818 3443 1009 3541 fragatur,
1031 3452 1069 3521 et
1086 3467 1204 3543 vsque
1222 3444 1271 3519 ad
1289 3451 1446 3522 mortem
1464 3465 1537 3518 non

421 3572 527 3650 detur
546 3573 593 3649 ei.
622 3573 774 3651 Victum
806 3572 901 3650 satis
919 3571 1053 3668 habet,
1083 3580 1121 3648 et
1146 3595 1334 3672 expensas
1353 3596 1378 3646 a
1395 3569 1538 3647 colonis

420 3701 695 3800 possessione.“
729 3699 781 3775 Et
810 3723 884 3774 vna
917 3697 1125 3777 ebdomada
1161 3701 1308 3796 integra
1345 3721 1420 3775 non
1458 3698 1536 3788 fuit,

421 3827 520 3924 quod
538 3833 781 3906 concusserat
801 3825 848 3902 ad
867 3848 1001 3904 manus
1020 3825 1185 3902 Michael
1204 3825 1322 3926 Dyak
1341 3823 1389 3900 ad
1407 3845 1539 3900 manus

422 3953 615 4052 Koocian;
635 3962 767 4056 postea
786 3963 945 4034 venerat
963 3955 1130 4031 Michael
1148 3955 1266 4056 Dyak
1284 3954 1333 4030 ad
1352 3953 1538 4029 dominum

422 4106 529 4162 sunm
554 4083 699 4160 demum
719 4083 768 4159 ad
787 4083 988 4162 Tarnowo.
1019 4081 1142 4175 Quum
1161 4105 1230 4159 nos
1248 4081 1408 4158 vidimus
1426 4081 1538 4156 talem

423 4235 507 4288 esse
527 4210 679 4288 defenso
699 4211 876 4307 militem,
904 4209 1063 4308 quilibet
1080 4210 1240 4309 spuebat
1258 4230 1353 4283 eum.
1373 4205 1539 4282 Nonsna

424 4337 544 4436 vicia,
573 4337 640 4416 sed
667 4337 806 4414 domini
835 4336 893 4414 sui
921 4343 1022 4433 erat,
1050 4336 1148 4434 qnod
1174 4335 1289 4412 talem
1316 4356 1440 4412 arcem
1461 4351 1539 4410 cnm

423 4463 619 4562 provincia
636 4485 706 4541 sua
724 4463 950 4540 tradidisset.

531 4593 582 4668 Et
608 4593 762 4692 iusuper
788 4591 892 4667 veuit
910 4590 959 4667 ad
977 4588 1120 4686 Regem
1149 4590 1196 4666 de
1213 4595 1321 4688 parte
1340 4586 1538 4684 Hungaro-

424 4741 505 4795 rum
524 4741 620 4796 vnus
638 4719 696 4794 vir
724 4717 959 4796 adolescens.
990 4715 1041 4791 Et
1067 4713 1152 4793 Rex
1178 4715 1412 4812 interrogare
1441 4713 1537 4815 oepit
