3248 5210
1158 479 1212 560 85

105 683 202 751 sect
218 676 313 752 illam
342 673 540 772 pecuniam
558 674 597 750 iu
616 673 813 753 Coloswar
833 699 901 775 por
919 677 1025 757 vicos
1044 703 1112 779 per
1129 681 1211 781 pla-

2 803 3 890 }
103 811 185 880 teas
200 802 378 878 sominare
408 802 517 898 cepit.
548 803 600 878 Et
628 803 888 901 pussilanimis
917 805 1135 900 gaudebant
1162 810 1210 904 ei,

102 938 137 1005 et
156 928 246 1026 quod
262 930 381 1004 eciam
401 958 475 1006 eoos
492 936 667 1020 sonasset
685 927 720 1030 ⁴¹)
740 952 823 1005 cum
843 931 982 1009 Turcis
1001 933 1210 1010 amiciciam

102 1053 300 1154 prebuisse.
330 1053 409 1131 Istc
437 1054 574 1156 Bauffy
602 1055 770 1133 Jacobus
798 1065 956 1134 venerat
982 1058 1031 1132 ad
1053 1059 1209 1154 Budua,

100 1189 137 1256 et
155 1183 404 1258 locumtenens
434 1189 516 1259 erat
533 1205 691 1280 presens
710 1182 749 1257 in
769 1183 877 1260 Buda
901 1181 1117 1282 Stephanus
1135 1185 1210 1261 Ba·

100 1317 170 1384 tor.
206 1305 294 1384 Cum
323 1308 500 1384 audiebat
526 1331 596 1406 per
624 1308 767 1405 Regem
803 1307 1035 1387 Lndouioum
1062 1318 1210 1388 etcum

102 1435 321 1511 consiliariis
349 1435 485 1512 aulicis
502 1459 569 1513 sue
589 1435 802 1534 ispouatum
822 1435 1209 1517 Themeswariensem

100 1561 276 1639 Jacobum
304 1560 463 1661 Shandy
482 1561 518 1636 ei
536 1560 718 1638 obtulisse
738 1584 821 1638 eum
850 1563 1033 1659 elegisse,
1063 1586 1212 1664 semper

100 1689 249 1784 gerebat
265 1687 306 1762 iu
325 1685 437 1763 corde
455 1708 523 1764 suo
547 1687 612 1763 fel.
641 1687 825 1766 Jacobum
854 1689 992 1790 Bauliy
1019 1690 1212 1786 cogitabat

99 1813 257 1910 qualiter
274 1813 311 1887 ei
330 1835 491 1891 nocuere
518 1820 658 1911 posset.
688 1813 785 1888 Erat
801 1814 841 1890 in
860 1815 968 1892 domo
997 1839 1109 1895 cocus
1133 1841 1210 1894 ma-

97 1941 211 2036 gister
238 1939 360 2036 Regio
398 1939 612 2038 Majestah's
648 1942 796 2016 nomine
835 1941 1003 2020 Mathias
1039 1943 1210 2022 Bosuak.

99 2065 308 2164 Stephanus
345 2066 463 2144 Bator
491 2089 574 2144 cum
603 2069 892 2144 communicauit
928 2069 1075 2147 libitum
1102 2094 1210 2149 suum

99 2217 177 2270 oum
194 2193 349 2270 Bosnak
369 2193 549 2270 Thomas.
580 2193 632 2268 Et
651 2189 780 2296 (iuter)
799 2218 868 2272 uos
887 2196 1095 2292 diulgatum
1114 2205 1208 2294 erat,

98 2319 190 2418 quod
215 2317 432 2418 Stephanus
466 2319 583 2397 Batou
611 2319 657 2395 de
685 2319 854 2400 Vanesia
880 2322 1034 2400 iecisset
1059 2330 1211 2422 portare

97 2448 313 2540 simulatim‚
344 2445 442 2544 quod
470 2445 615 2522 demum
645 2449 866 2545 aprobatum
894 2455 986 2526 crat.
1021 2449 1073 2526 Et
1100 2451 1209 2527 ambo

98 2574 452 2667 determinaueruut,
482 2579 523 2646 vt
550 2571 736 2650 Jacobum
770 2574 907 2676 Bauffy
929 2576 984 2664 ‚ad
1010 2577 1208 2675 prandium

2 2715 3 2722 ‘
98 2701 283 2794 invitaret,
305 2700 474 2776 attalem
493 2699 782 2776 instrumentum
800 2701 873 2778 sibi
892 2701 1009 2798 dabo,
1031 2703 1129 2801 quod
1146 2704 1208 2780 vel
1256 2765 1260 2774 .

96 2827 130 2902 in
147 2829 230 2904 cibo
249 2827 311 2902 vel
329 2827 368 2902 in
386 2832 477 2924 potu
494 2827 621 2924 possis
640 2827 676 2902 ei
696 2829 881 2905 obtullere
900 2827 957 2906 ori
987 2831 1091 2926 ejus3
1121 2835 1208 2927 post

98 2953 153 3030 hic
170 2977 245 3030 uon
262 2953 375 3028 timeo
395 2953 441 3027 dc
459 2953 544 3050 ipso
569 2952 831 3030 ascendentem
849 2953 889 3028 iu
906 2954 1105 3031 benedicio
1125 2977 1207 3032 meo

2 3091 3 3110 ¹
99 3079 250 3158 residem.
281 3079 333 3154 Et
351 3079 390 3154 in
408 3079 520 3156 simul
539 3081 836 3158 consencierunt.
867 3080 1034 3158 Mathias
1052 3081 1208 3160 Bosuak

98 3208 177 3284 iecit
194 3229 334 3284 vocare
360 3205 483 3282 adhuc
502 3206 541 3282 in
560 3207 691 3304 quinta
708 3207 805 3284 feria
824 3206 872 3284 ad
890 3208 1093 3284 crastiuum
1111 3207 1209 3284 diem

2 3407 3 3412 .
98 3333 138 3408 ad
154 3339 303 3410 sextam
322 3333 456 3410 feriam
475 3332 525 3407 ad
544 3333 754 3431 prandium.
773 3333 1091 3435 JacobusBauffy
1098 3341 1208 3431 grato

99 3460 213 3536 auimo
225 3459 372 3558 accepit
382 3458 604 3536 charitatem
619 3483 711 3556 erga
725 3483 787 3555 se3
807 3459 893 3535 dein
912 3458 1075 3536 Matthia
1093 3460 1207 3538 Boss-

2 3673 3 3682 Ν
99 3587 188 3682 nah,
219 3587 311 3683 quia
329 3587 472 3664 iecerat
499 3609 635 3664 vocare
659 3588 764 3664 solus
783 3586 975 3685 palatinos
993 3584 1208 3684 Stephanus

101 3713 223 3791 Battor
252 3721 448 3812 quattuor,
478 3713 545 3792 sed
572 3713 737 3791 studiose
752 3737 794 3790 se
813 3719 1030 3789 excusatum
1058 3713 1205 3789 abebat.

100 3840 344 3933 Quamobrem
374 3843 593 3939 capellanus
621 3863 724 3918 eram
743 3839 843 3938 apud
862 3839 998 3939 Banffy
1017 3861 1085 3915 sex
1104 3861 1205 3916 mcu-

2 3973 3 4050 }
101 3969 215 4063 obus,
242 3977 280 4044 ct
307 3975 389 4044 erat
416 3968 507 4044 mihi
536 3967 743 4067 spiritualis
771 3965 873 4042 filius
902 3965 1013 4042 etiam
1040 3965 1205 4063 iusuper,

2 4111 3 4198 3
101 4117 161 4191 ego
189 4097 489 4174 uotifficaucram
517 4096 667 4172 famulis
695 4094 774 4172 suis
803 4089 1002 4187 militibus,
1032 4091 1207 4167 videlicet
1255 4187 1260 4204 .

2 4251 3 4258 Ν
99 4219 236 4298 Thome
253 4221 393 4318 hugal,
413 4221 617 4300 Francisco
639 4219 834 4298 Bezeredi.
854 4219 952 4298 Tum
969 4218 1043 4317 ipsi
1062 4217 1098 4294 ei
1116 4239 1203 4294 euo-

2 4357 3 4372 '
99 4347 270 4426 tauenut
315 4355 353 4423 et
394 4347 505 4426 valde
545 4347 788 4426 custodiebat.
825 4345 900 4424 Sed
936 4343 1084 4421 aliunde
1120 4365 1204 4420 cum

98 4475 336 4570 drcuieraut‚
377 4477 475 4574 quod
511 4477 678 4554 venisset
711 4475 759 4552 ad
795 4472 991 4574 prandium
1017 4469 1058 4548 iu
1084 4477 1203 4550 ortum

2 4839 3 4844 .
125 4757 228 4826 oua
245 4757 301 4817 sa
320 4761 552 4826 „ammaon
