3238 5228
1152 453 1231 541 295

126 671 220 748 aneio
247 691 312 746 auo
340 667 466 744 lusori.
498 665 548 740 Et
567 671 648 740 erat
667 683 797 776 nomen
818 656 1043 754 Christum,
1065 661 1102 731 et
1120 653 1231 729 valde

123 804 198 872 erat
214 795 399 874 studiosus
416 793 455 868 in
474 791 627 868 astnoiis
646 789 742 882 anis,
773 811 817 862 ae
835 786 1053 883 loquebatur
1074 789 1228 856 mature.

247 922 297 996 Et
333 921 417 996 Rex
455 916 670 994 nunoeianit
706 913 999 990 vioeeaotellano
1036 899 1229 1006 Stephano

122 1046 274 1142 Amade‚
299 1069 416 1144 qnare
434 1045 546 1124 eoiret
565 1042 804 1122 Germaniter
823 1041 1014 1130 fabulare,
1035 1041 1075 1110 vt
1093 1033 1229 1110 debent

120 1173 351 1270 investigare.
378 1173 435 1248 Ao
463 1170 573 1247 auliei
601 1170 793 1266 Regieetis
812 1191 924 1265 anper
943 1187 1092 1240 oenam.
1113 1167 1153 1234 vt
1171 1160 1228 1234 in·
1298 1231 1301 1238 ,
1333 1203 1335 1208 ,

119 1307 323 1398 terrogatue
342 1307 462 1394 emet,
492 1321 608 1396 qnare
636 1297 827 1374 venissent
849 1301 926 1370 tam
944 1296 1228 1389 presumptuose

119 1427 220 1523 panni
248 1425 430 1504 Germani
449 1425 497 1501 ad
517 1425 660 1501 Budam
688 1425 825 1500 eironm
853 1426 1069 1518 angustare.
1098 1415 1146 1490 Et
1173 1411 1227 1488 oio

119 1559 289 1648 qnantum
306 1559 503 1651 poterant,
531 1552 626 1626 bene
653 1554 908 1628 tractarerant
935 1547 1055 1642 ipenm
1075 1540 1225 1616 Alema-

117 1699 196 1755 nnm
214 1678 432 1775 fugitiuum,
453 1685 491 1755 et
508 1678 728 1776 inceperunt
744 1699 828 1752 eum
848 1673 1089 1768 investigere,
1111 1689 1226 1764 quare

118 1801 291 1882 Germani
318 1804 374 1880 ita
401 1803 558 1904 oooipite
577 1827 664 1879 oeno
683 1803 811 1880 venire
829 1802 899 1878 nub
919 1799 1062 1874 Budam
1082 1793 1225 1871 debuin-

117 1939 204 2011 eent.
235 1932 285 2008 Et
304 1938 412 2008 erant
430 1933 537 2031 probi
558 1931 639 2026 viri,
660 1954 755 2008 unns
774 1937 854 2006 erat
872 1927 988 2024 Nagh
1007 1921 1225 2022 Gregorius,

116 2055 203 2132 alter
222 2055 406 2132 Nicolaue
426 2079 546 2153 agano
566 2055 773 2153 Reginus,
803 2056 913 2132 etsie
932 2053 1082 2156 oopioee
1101 2050 1225 2128 fuera·

118 2204 192 2258 mne
210 2181 248 2257 in
268 2205 373 2260 eena.
403 2181 523 2275 Quum
547 2185 625 2281 jam
643 2183 894 2280 interrogatus
912 2187 990 2258 erat
1008 2178 1226 2254 adolescens

117 2305 342 2404 Germanus,
371 2309 561 2407 respondit
589 2310 715 2385 etheo
734 2310 826 2386 dixit
845 2339 853 2383 :
879 2304 1020 2409 „No(n)
1040 2300 1224 2382 miramini

115 2451 196 2528 vor,
225 2435 364 2510 domini
392 2435 585 2534 Hungari,
615 2437 712 2534 quod
741 2459 810 2513 nos
829 2436 999 2511 venimus
1017 2441 1093 2508 tem
1112 2431 1223 2530 pauni

115 2561 177 2635 rub
196 2560 338 2636 Bndam
359 2561 549 2656 obsidere,
580 2561 666 2658 qnia
684 2562 733 2637 ad
751 2561 939 2640 decretum
959 2557 1063 2636 etad
1082 2563 1224 2636 eertum
1344 2650 1347 2658 y

114 2683 227 2761 loonm
255 2685 444 2781 venimus,
466 2693 506 2761 vt
534 2686 720 2764 Joannem
749 2686 890 2784 Regem
910 2683 1166 2784 raperenthio
1184 2681 1222 2758 in

113 2833 192 2888 aree
208 2813 338 2914 Beda,
365 2823 403 2889 et
420 2821 604 2913 promtum
633 2815 836 2892 educerent
863 2835 1008 2892 sursum
1024 2812 1071 2888 ad
1092 2809 1220 2890 Ferdi-

114 2937 278 3016 nandnm.
308 2941 358 3016 Et
374 2963 473 3018 nuno
497 2948 691 3040 exspectat
718 2942 807 3018 belli
835 2943 965 3018 duetor
993 2939 1135 3034 Regem
1154 2937 1221 3013 Jo-

115 3088 242 3142 annem
261 3065 352 3164 &itu
375 3088 443 3166 per
461 3068 632 3150 dominos
659 3091 749 3163 enon
777 3067 976 3168 captiuum.
1005 3065 1055 3142 Et
1083 3071 1221 3156 tenent,

115 3211 173 3268 ene
200 3192 391 3290 Majeetati
420 3217 532 3272 vnam
560 3195 780 3292 quadrigam
808 3218 889 3272 eum
918 3201 1092 3292 quattuor
1116 3192 1222 3288 equis

113 3319 382 3400 albisinredam
394 3321 554 3420 aplioan.
572 3329 690 3418 stan,
712 3330 749 3398 et
768 3346 850 3399 oum
870 3323 1114 3403 hornamento
1133 3320 1220 3396 hor·

116 3453 291 3526 nonerunt
317 3449 548 3545 quadrigam.
588 3451 688 3528 Vere
716 3475 786 3548 ego
814 3451 961 3542 nereio,
992 3469 1219 3546 quereum,

115 3575 202 3666 qnod
230 3574 285 3654 ita
312 3577 589 3656 tardanerunt.“
634 3579 685 3652 Et
712 3577 796 3656 Rex
826 3579 996 3659 Joannea
1023 3577 1062 3659 in
1090 3597 1220 3672 erepu-

116 3702 558 3798 mrloaaguliaudiebat3
578 3703 770 3780 soluniodo
789 3703 1015 3780 Benedictus
1035 3701 1138 3776 Bona
1157 3721 1219 3774 eu-

115 3824 307 3909 bienlariua
335 3827 486 3904 intimus
506 3838 587 3904 erat
614 3828 710 3906 inter
730 3828 825 3904 alios
844 3835 907 3902 tm.
928 3829 1037 3904 ambo
1057 3827 1217 3904 stabant.

116 3949 155 4026 u
178 3975 249 4050 ego
275 3955 388 4050 qnasi
417 3953 616 4031 nesciens:
641 3955 716 4052 „Et
743 3955 804 4030 dio
826 3957 927 4052 jam,
956 3952 1019 4050 qni
1048 3961 1134 4030 nunt
1162 3953 1218 4028 illi

114 4077 327 4174 donimani,
349 4080 411 4176 qni
430 4081 572 4158 vellent
590 4081 711 4180 ipsum
721 4079 863 4177 Regem
881 4087 1064 4179 promtum
1083 4081 1217 4159 duoere

116 4205 153 4280 ad
177 4206 266 4284 belli
295 4205 482 4284 duetorem
513 4205 795 4284 Vilhelmum?“
837 4205 1045 4306 Respondit
1071 4228 1217 4296 rursum

118 4329 307 4417 diemanua
333 4331 585 4410 adolescens:
611 4335 719 4430 „Ego
748 4333 896 4410 litterar
913 4332 1078 4432 perlegi,
1106 4337 1144 4408 et
1161 4332 1216 4410 in·

119 4458 228 4538 rederi
257 4459 357 4557 apud
394 4459 581 4536 dominum
620 4459 849 4538 Vilhelmum
886 4460 978 4536 belli
1014 4459 1215 4538 dumorum.

120 4581 247 4662 Primus
266 4595 344 4676 eat,
365 4609 436 4682 ego
456 4588 603 4680 neseio,
635 4587 831 4685 episeopus
851 4585 1009 4686 Cybak,
1029 4587 1216 4662 secundus

125 4707 253 4788 unnim
293 4711 479 4798 Anthandi
516 4736 598 4790 eum
636 4715 753 4796 fratre
780 4715 884 4790 euo.“
926 4713 1035 4808 Quod
1064 4716 1214 4794 audien.
