3248 5210
405 447 456 530 '10

403 649 500 724 cium
518 671 604 746 pap,
625 652 663 724 et
680 646 857 724 ducamus
875 645 922 721 ad
941 645 1152 741 vaiuodam,
1172 654 1210 722 et
1228 648 1336 725 nohis
1354 649 1530 746 graciam

403 778 606 874 impetrare
624 775 848 874 possimus.“
880 775 932 848 Et
949 773 1005 850 sic
1023 773 1219 852 admodum
1238 783 1389 874 captum
1407 777 1527 853 dedu-

404 908 537 978 xerunt
564 901 612 977 ad
639 902 839 976 vaiuodam
868 899 1263 996 Transiluaniensem,
1293 909 1330 978 et
1356 905 1532 1000 graciam

405 1029 653 1105 obtinuerunt.
674 1029 726 1102 Et
743 1023 994 1102 Laurencium
1013 1035 1205 1122 exuerunt,
1226 1035 1409 1128 etcorpns
1429 1031 1532 1106 diui-

399 1177 492 1231 num
511 1160 601 1252 aput
628 1175 669 1229 se
701 1152 948 1251 reperissent,
979 1157 1126 1229 etcum
1153 1152 1226 1230 hoc
1253 1155 1532 1234 damnauerunt

407 1282 455 1357 ad
466 1287 635 1356 mortem.
648 1279 700 1354 Et
710 1275 779 1378 (in)
791 1277 995 1354 Koloswar
1004 1279 1157 1356 adsero
1165 1287 1371 1379 traxerunt,
1391 1289 1430 1358 et
1446 1309 1533 1360 ma-

407 1429 521 1504 guum
549 1406 673 1502 ignem
703 1411 935 1500 straueruut,
957 1412 994 1480 et
1016 1406 1126 1502 jnxta
1144 1406 1269 1503 ignem
1288 1417 1532 1506 assauerunt,

408 1540 446 1608 et
463 1531 519 1610 sic
537 1531 745 1608 martirium
764 1531 935 1630 optinuit.

514 1655 623 1733 Alius
642 1656 789 1754 quidem
817 1656 910 1732 belli
937 1655 1066 1732 ductor
1095 1663 1176 1733 erat
1194 1658 1470 1755 crucigerorum
1489 1663 1533 1738 in

409 1783 560 1862 Sirimio
598 1783 824 1860 Benedictus
860 1783 975 1880 Nagh
1011 1807 1095 1860 cum
1124 1775 1261 1880 magna
1289 1787 1533 1864 multitudine

404 1917 515 2010 juxta
531 1911 668 1988 vadum
687 1911 898 1987 Kamonoh.
931 1911 1074 1988 Milites
1102 1911 1312 1989 sensissent
1324 1915 1405 2011 jam
1423 1914 1462 1989 in
1483 1915 1530 1990 li-

409 2040 540 2133 nibus,
569 2039 632 2136 qui
660 2037 880 2115 habitabant
907 2039 946 2112 in
974 2039 1087 2113 arche
1116 2035 1217 2114 Alba
1247 2045 1284 2114 et
1311 2039 1358 2114 de
1376 2037 1533 2118 Sabach

410 2167 512 2244 bella
538 2171 847 2265 preparauerant.
878 2165 929 2275 Et
956 2165 1129 2240 celeriter
1157 2172 1380 2242 cucurerunt
1397 2173 1535 2244 contra

412 2293 614 2370 cruciferos
633 2297 670 2364 et
687 2291 780 2366 istos
799 2312 986 2388 pauperes
1005 2291 1299 2387 debellauerunt,
1320 2297 1357 2367 et
1374 2291 1533 2390 predam

413 2441 540 2495 eorum
567 2417 812 2493 abstulerunt.
842 2417 894 2491 Et
912 2416 1042 2492 ductor
1066 2417 1158 2493 helli
1177 2418 1453 2514 crucigerorum
1470 2419 1535 2494 fu·

413 2567 499 2640 gam
519 2541 696 2640 arripuit,
726 2549 765 2616 et
784 2541 881 2638 quod
899 2543 1106 2619 sensissent
1124 2567 1209 2620 mox
1228 2550 1314 2642 post
1331 2545 1453 2643 ipsum
1472 2547 1533 2621 vi·

414 2672 577 2746 cebanus
606 2669 775 2762 Balassi,
805 2666 850 2742 de
869 2667 982 2744 arche
1009 2667 1285 2746 Nandor-Alhc
1302 2669 1348 2744 de
1367 2670 1461 2746 villa
1481 2672 1535 2746 ad

413 2797 554 2872 villam.
584 2795 635 2870 Et
653 2795 691 2869 in
710 2793 852 2870 Perlek
880 2799 1012 2890 captus
1030 2794 1119 2888 fuit,
1141 2799 1178 2868 et
1196 2795 1245 2869 ad
1263 2795 1407 2872 Budam
1425 2796 1538 2872 duxit

414 2923 603 3022 predictus
629 2922 750 2997 banus
778 2919 1018 2995 Benedictum
1048 2919 1181 3016 Nagh,
1202 2927 1241 2994 et
1257 2943 1370 2996 vnum
1388 2941 1534 2998 merca-

416 3058 535 3126 torem
555 3048 600 3123 de
618 3046 776 3124 Chanad
805 3047 1049 3140 Traciauum;
1074 3053 1112 3120 et
1134 3047 1289 3123 tercium
1318 3069 1430 3122 vnum
1452 3069 1536 3124 mo-

415 3173 575 3250 nachnm
593 3173 723 3247 etalio
743 3173 879 3247 multos
898 3171 1078 3272 captiuos.
1099 3170 1199 3248 Istos
1218 3193 1350 3270 nempe
1370 3173 1535 3250 Benedi-

416 3307 514 3376 ctum
541 3298 590 3373 ad
617 3305 775 3395 quatuor
803 3305 932 3396 partes
960 3297 1196 3394 scinderunt3
1225 3298 1322 3374 alios
1350 3300 1536 3378 excoriati

417 3428 585 3518 fuerant3
616 3423 732 3518 alios,
772 3425 892 3518 ercle,
923 3433 1167 3520 assonarent,
1206 3431 1244 3500 et
1271 3425 1329 3500 sic
1357 3426 1535 3504 extermi-

419 3557 613 3629 nonerunt.

524 3679 667 3754 Eamus
685 3677 733 3755 ad
752 3677 982 3777 Stephanum
1012 3677 1184 3774 Ballogh.
1215 3674 1337 3769 Quum
1366 3675 1539 3754 audisset

414 3810 493 3906 jam
512 3806 698 3904 pernicies
717 3827 806 3882 suas
824 3813 957 3902 gentes
975 3805 1200 3898 cruciferos,
1221 3811 1258 3878 et
1277 3809 1358 3880 erat
1376 3803 1425 3878 ad
1443 3827 1535 3902 par-

417 3941 476 4008 tes
505 3931 717 4026 Moukach,
747 3938 855 4008 nocte
882 3931 1017 4007 exiluit
1043 3933 1089 4008 de
1116 3937 1227 4028 gente
1255 3953 1325 4007 sua
1343 3935 1382 4006 et
1404 3931 1537 4027 lugam

419 4057 520 4134 dedit
546 4057 594 4134 ad
622 4059 868 4156 Transalpes.
899 4056 1008 4150 Quod
1034 4058 1115 4156 ipse
1144 4057 1311 4134 studiose
1336 4055 1538 4132 euasisset

420 4207 607 4283 nunquam
635 4184 861 4282 comparuit,
891 4191 928 4260 et
946 4185 1064 4262 fertur
1082 4183 1244 4278 dixisse,
1271 4182 1370 4281 quod
1387 4182 1426 4258 in
1445 4183 1536 4260 reli-

420 4311 533 4406 gione
553 4317 728 4388 measset.
