3238 5228
372 446 449 524 312

230 692 234 704 ·
376 654 453 724 stes
472 669 560 723 suas
578 643 627 721 ad
645 646 799 722 lumbos.
831 645 880 720 Et
908 667 989 722 onm
1019 647 1191 742 pennatis
1221 647 1356 746 eapitis
1385 647 1508 721 inoe-

377 773 513 849 debant
530 795 654 850 eoram
671 774 919 868 gubernatore
939 772 1023 848 dum
1043 773 1115 849 iret
1133 773 1181 849 ari
1199 796 1322 850 aroem
1339 775 1381 849 in
1402 797 1509 848 eon·

377 899 464 975 silio
492 898 722 995 Regiestatis
749 921 1006 999 sepenumero.
1045 899 1128 996 Ego
1156 923 1302 1000 semper
1329 901 1430 976 talia
1465 899 1512 975 in

379 1027 489 1102 eorde
508 1049 590 1102 meo
609 1028 797 1123 gerebam,
819 1034 856 1101 et
874 1027 1022 1102 sobrius
1033 1051 1146 1104 eram.
1158 1028 1283 1103 Semel
1301 1027 1511 1102 dominum

380 1152 560 1252 Pestieny
588 1152 708 1227 solum
736 1152 863 1226 inveni
892 1154 1080 1229 ambulan.
1110 1178 1178 1252 pro
1198 1156 1345 1253 spaoio,
1367 1163 1407 1228 et
1427 1153 1514 1228 illa

381 1279 481 1354 diota
508 1277 697 1355 declarari
723 1281 819 1354 bene
847 1285 979 1353 ounota
1008 1280 1101 1375 sibi,
1131 1289 1168 1354 et
1195 1281 1412 1358 mirabatur.
1451 1279 1513 1354 Et

382 1405 458 1482 dixi
477 1405 548 1481 sibi
569 1429 577 1475 :
602 1403 685 1502 ,Ita
704 1427 828 1480 euram
848 1405 1034 1501 habeatis,
1055 1407 1153 1504 quod
1171 1409 1286 1484 semel
1304 1429 1439 1483 omnes
1463 1408 1512 1482 in
1617 1405 1618 1484 j

382 1533 539 1609 oonsilio
558 1541 683 1608 vestro
711 1555 792 1608 eum
821 1531 928 1628 Rege
945 1534 1068 1631 eapite
1095 1533 1232 1631 privati
1252 1533 1374 1628 eritis,
1404 1533 1511 1631 qnia

384 1657 544 1734 maxima
576 1681 666 1757 pars
694 1679 885 1735 seruorum
912 1657 1141 1755 Regiestatis
1168 1661 1394 1737 adheserunt
1423 1659 1511 1734 sibi

384 1786 424 1859 in
443 1784 640 1876 seruitute,
661 1807 705 1858 ao
724 1784 771 1858 ad
790 1783 1076 1861 mansionariam
1096 1808 1199 1862 snam
1218 1793 1412 1879 steterunt,
1435 1785 1512 1880 qni

386 1918 473 1987 sunt
490 1911 689 2005 nominati,
710 1917 747 1984 et
765 1909 1138 2010 Rexnonhabetjam
1158 1920 1213 1988 tot
1231 1913 1367 1988 milites
1387 1909 1509 1986 Hun-

385 2060 519 2136 garos,
540 2040 637 2116 siout
655 2037 824 2114 dominns
842 2039 1108 2133 gubernator.“
1132 2041 1197 2114 Ait
1214 2039 1304 2115 mihi
1324 2037 1512 2114 dominns

387 2167 567 2266 Pestieny
587 2193 595 2239 ε
620 2166 761 2262 ,Vere,
781 2173 889 2264 pater
908 2163 1071 2261 Georgi,
1093 2191 1164 2243 non
1183 2168 1407 2263 cogitassem
1426 2189 1509 2263 ego

387 2293 468 2390 heo,
488 2293 555 2370 sed
573 2316 699 2368 euram
728 2291 933 2368 habeamus
960 2292 1176 2368 haetenus.“
1209 2293 1260 2367 Et
1277 2293 1332 2369 sie
1349 2292 1509 2370 domino

389 2421 613 2497 oenoellario
642 2417 831 2518 Stephano
859 2419 1075 2519 Verbwohy
1104 2418 1305 2497 deelaraui.
1334 2419 1383 2495 Et
1400 2422 1510 2517 quod

388 2548 594 2647 hospicium
613 2546 776 2622 habebat
794 2546 965 2622 dominus
983 2547 1212 2642 gubernator
1225 2549 1334 2644 juxta
1353 2531 1509 2623 domuin

390 2675 527 2773 palaoij
548 2674 687 2750 domini
706 2675 922 2771 canoellarj,
943 2672 1138 2773 sepissime
1157 2681 1322 2772 tempore
1341 2696 1447 2770 eene,
1470 2683 1512 2750 et

390 2810 554 2901 ternpore
583 2801 730 2899 prandii
759 2801 982 2877 furabantur
1009 2801 1157 2898 paruuli
1175 2801 1354 2877 militibus
1372 2825 1419 2877 ao
1437 2801 1509 2877 do-

394 2928 523 3022 minis,
544 2949 637 3024 qnos
655 2951 723 3025 per
742 2927 838 3020 vim,
869 2950 962 3024 quos
989 2951 1057 3025 per
1084 2928 1200 3022 dona,
1228 2951 1320 3025 qnos
1338 2951 1406 3026 per
1424 2952 1509 3003 rna-

392 3079 504 3154 gnam
523 3055 716 3130 astuoiam.
736 3055 786 3128 Et
795 3055 994 3152 sepissime
1013 3054 1198 3132 discordia
1217 3079 1261 3130 ao
1275 3055 1405 3152 jurgia
1423 3077 1508 3130 sur-

391 3189 542 3258 rexerat
560 3181 656 3256 inter
675 3205 716 3254 se
736 3181 940 3257 curialibus
960 3181 1118 3256 dominis
1137 3181 1407 3275 gubernatoris.

709 3467 1038 3572 (onrrnunun
1066 3467 1185 3571 xor).

502 3687 551 3764 Et
579 3673 689 3786 quum
717 3688 780 3762 hio
809 3687 903 3762 talia
931 3687 1118 3763 sonuisset
1135 3687 1173 3760 in
1194 3687 1344 3762 auribus
1371 3684 1509 3782 Regie-

396 3815 506 3892 stotis
524 3839 569 3890 ao
587 3815 745 3891 dominis
755 3815 1003 3911 optimatibus,
1023 3821 1230 3890 suaserunt
1238 3811 1378 3906 Regem
1399 3813 1509 3904 elam,

398 3949 439 4016 vt
465 3941 563 4017 viam
592 3943 666 4018 sibi
694 3949 949 4041 prepararent.
990 3941 1041 4014 Et
1068 3941 1123 4016 sio
1152 3946 1449 4038 preparauerunt
1477 3939 1511 4011 ei

398 4069 499 4144 viam
517 4070 650 4145 iterum
670 4091 761 4164 erga
780 4067 987 4144 anoarum
1007 4065 1198 4143 Cesarem.

505 4195 555 4269 Et
572 4195 706 4271 iterum
726 4193 904 4270 vexillum
924 4193 1045 4270 erexit
1063 4215 1169 4274 suum
1189 4189 1513 4289 antehoapioinm3

402 4325 530 4421 etjam
548 4346 617 4398 noa
635 4321 836 4398 simulatim
847 4323 1138 4419 gratulabamur,
1160 4319 1257 4416 quod
1275 4319 1515 4414 isteserpens

402 4450 517 4528 mouit
540 4471 671 4527 versus
699 4449 888 4526 Turoiam.
917 4449 966 4523 Et
984 4469 1065 4522 oum
1085 4469 1128 4520 eo
1148 4442 1313 4544 proditor
1333 4465 1378 4516 ae
1396 4442 1513 4516 insta-

402 4577 489 4657 bilis
506 4576 675 4656 Joanues
694 4577 824 4677 Dory,
844 4599 889 4652 ao
907 4575 1083 4651 Vrbanus
1102 4571 1300 4670 Battyani,
1327 4575 1364 4642 et
1381 4565 1515 4660 Lokpa

249 4809 255 4826 ,
404 4704 556 4804 Kalay,
586 4711 623 4778 et
641 4703 806 4780 Michaei
825 4703 955 4778 'Phaki
984 4723 1062 4776 eum
1092 4697 1319 4775 militonibus
1347 4695 1436 4770 suis.
1467 4693 1515 4768 Et
