3260 5226
446 839 780 946 (onrruuuuu
816 837 919 944 ou).

231 1054 342 1149 Quod
368 1055 578 1134 sensissent
605 1055 784 1134 Oeserem
810 1057 1020 1133 venientem
1046 1055 1097 1132 ad
1114 1055 1239 1134 ‹leien-

125 1182 284 1260 dendnm
303 1182 447 1262 Budam
466 1205 553 1260 mox
572 1185 726 1260 Petrum
754 1183 874 1284 Priny
897 1183 1078 1260 miseruut
1095 1181 1145 1258 ad
1161 1205 1240 1260 mo·

126 1308 286 1386 maehum
313 1308 613 1404 themerarium,
634 1317 671 1386 et
688 1309 826 1386 Petrus
853 1309 1062 1386 intrauerat
1088 1297 1240 1412 aelmo-

125 1433 286 1512 naehum
304 1455 386 1510 eum
396 1441 585 1532 resumpto
605 1435 740 1530 animo,
762 1440 800 1510 et
817 1432 910 1510 dixit
920 1433 992 1512 sibi
1002 1440 1040 1509 et
1048 1432 1241 1534 Stephano

126 1560 345 1655 verberoni,
366 1567 404 1636 et
422 1560 507 1636 aliis
527 1561 775 1658 magnatibus.
800 1560 916 1660 „Hio,
937 1562 1092 1657 dicebat,
1112 1562 1240 1638 videa-

125 1685 172 1762 lis
190 1684 329 1762 domini
346 1683 521 1781 Hungari
540 1691 754 1782 magnates,
776 1684 873 1783 quod
891 1687 967 1764 isla
983 1687 1050 1762 via
1067 1687 1138 1764 erit
1155 1686 1241 1766 finis

127 1811 231 1888 Bude
251 1811 348 1888 areis
366 1833 449 1886 oum
469 1812 622 1890 ciuitate
648 1811 813 1908 Buden.;
842 1819 880 1890 et
906 1813 1088 1910 regnicoli
1106 1813 1240 1906 nobili·

125 1939 207 2033 bus,
237 1945 286 2024 et¹
301 1938 533 2034 ignobilibus
561 1939 633 2015 erit
660 1935 778 2014 Oosar
805 1937 1014 2016 laruarum
1040 1947 1241 2040 perpetuus

127 2071 277 2140 exactor
304 2063 350 2140 de
379 2085 491 2160 auro,
521 2070 559 2139 et
585 2063 632 2140 de
656 2069 835 2159 argeul03
870 2062 1015 2139 demum
1042 2065 1089 2140 de
1116 2066 1242 2164 pueris

128 2191 259 2266 eciam.
286 2189 391 2286 Ergo
418 2189 542 2264 videte
569 2189 685 2284 bene,
714 2211 796 2264 meo
824 2187 980 2264 oonsssio
1008 2191 1143 2268 melius
1160 2213 1242 2268 oum

130 2315 331 2394 Germanis
350 2339 467 2414 vsque
486 2317 534 2392 ad
550 2322 716 2414 tempus,
737 2333 849 2412 quam
868 2337 951 2391 oum
970 2316 1104 2394 ankn
1123 2341 1240 2417 voque
1335 2401 1339 2414 ,

128 2445 175 2522 ad
202 2449 358 2521 mortem
394 2443 676 2542 perseuerare.“
718 2443 770 2518 Et
795 2442 1069 2542 responderunt
1094 2467 1240 2522 rursum

129 2549 242 2648 Petro
261 2570 367 2647 Prini
387 2598 396 2644 e
421 2569 519 2669 „Sed
537 2593 606 2647 uos
619 2571 700 2668 jam
718 2570 793 2646 ‹liw
810 2570 1078 2648 rumiuanimus
1095 2571 1136 2646 iu
1154 2595 1240 2648 oon·

128 2698 212 2774 silio
232 2704 380 2793 nostro,
400 2703 439 2772 ei
456 2717 609 2773 oausam
635 2694 815 2772 habemus
832 2719 921 2792 nos;
948 2703 987 2772 et
1001 2718 1071 2774 vos
1089 2719 1241 2776 eausam

128 2823 295 2919 habetis,
325 2821 423 2922 quod
450 2845 525 2899 non
551 2821 767 2898 restituetur
785 2819 893 2899 vobis
917 2819 1025 2897 Buda
1043 2821 1092 2898 ad
1108 2845 1242 2900 manns

128 2949 414 3042 Alemanorum‚
444 2949 511 3028 sed
528 2947 662 3047 poeius
679 2947 728 3023 nd
746 2969 878 3024 manus
896 2940 1104 3027 Turearum
1124 2948 1239 3028 (lesa-

129 3079 182 3154 ris
206 3079 432 3154 relaxamus.
461 3074 503 3152 Si
529 3073 635 3152 vobis
662 3075 939 3169 relaxaremus,
968 3095 1116 3174 semper
1141 3085 1242 3154 esset

129 3203 225 3280 inter
252 3227 321 3280 uos
348 3203 571 3300 Hungaros,
592 3205 629 3274 et
646 3199 744 3276 inter
761 3201 966 3280 Alemanos
983 3200 1184 3299 litiiurgia,
1203 3210 1242 3278 et

130 3329 330 3410 homioidia
348 3331 466 3405 multu
493 3326 757 3426 contingisset,
786 3331 887 3402 esset
914 3349 1052 3424 magua
1068 3351 1240 3428 perpera.

132 3457 242 3537 Nune
260 3459 379 3538 eniam
397 3457 471 3536 ista
489 3456 660 3534 confusio
679 3455 777 3532 inter
795 3477 871 3532 non
888 3453 1075 3534 denuisset
1091 3457 1189 3553 iore,
1207 3457 1239 3536 si

132 3593 170 3662 tu
188 3611 263 3664 uon
281 3585 479 3664 inuitasses
497 3581 642 3680 Regem
666 3580 943 3660 Ferdiuandum
975 3578 1082 3685 ¹⁰⁶·Jv·
1111 3589 1241 3662 eontra

135 3735 203 3792 nos
230 3713 508 3811 Huugarorum.
542 3709 594 3786 Et
620 3714 749 3786 vestra
767 3705 1055 3804 Magnifioeuoia
1081 3711 1238 3788 omnium

132 3840 398 3920 discordiarum
425 3839 545 3914 fomes
571 3841 609 3911 et
627 3857 744 3912 eausa
761 3833 949 3929 efficiens,
980 3835 1077 3931 quod
1105 3835 1240 3918 duxisti

131 3970 405 4050 Perdinandum
433 3967 577 4064 Regem
605 3963 787 4042 Bohemie
815 3983 927 4062 snper
953 3961 1138 4040 loannem
1165 3965 1239 4042 Re·

132 4100 249 4194 gem.“
274 4097 338 4176 Sie
356 4097 504 4174 dicebat
520 4093 638 4172 frater
657 4089 846 4188 Georgius
864 4089 978 4166 Petro
996 4089 1115 4168 Priui.

235 4227 372 4304 Petrus
390 4225 508 4326 Priny
535 4219 707 4300 seneiens
725 4241 768 4296 se
786 4219 928 4318 ipsum,
956 4217 1056 4315 quod
1083 4219 1238 4297 relaoio·

133 4377 214 4434 uem
241 4354 445 4454 perfeetum
474 4356 695 4450 recepturus
721 4352 841 4441 esset,
870 4351 908 4420 et
926 4343 1106 4424 Oesarem
1124 4351 1240 4424 Zoton

132 4481 236 4560 Zella
263 4477 299 4582 a)
335 4479 635 4579 apropinquabat
670 4493 805 4550 versus
853 4471 998 4548 Budam
1044 4473 1129 4550 vioe
1164 4495 1238 4549 non

132 4681 444 4698 ψη...-

163 4769 193 4838 r)
214 4763 345 4824 nerones
364 4761 418 4820 nez
438 4761 510 4820 sno
529 4761 681 4820 sensuve„
