3226 5220
403 425 478 504 144

392 626 476 704 Rex
495 622 678 722 Majestas
697 619 776 700 Sua
792 619 962 722 permisit
979 644 1045 698 eos
1063 619 1140 717 ire;
1159 627 1198 697 et
1214 617 1522 719 quandocunque

391 752 538 830 dicebat
556 748 640 826 Rex
659 749 980 826 eisrcnuncciom:
995 747 1078 846 „Ad
1095 749 1356 826 necessitatem
1372 771 1522 845 meam,

391 878 518 954 veniat
537 899 619 952 oum
646 876 746 952 omni
774 874 976 970 diligencia
1002 897 1093 970 erga
1125 875 1325 972 mest-et
1340 875 1521 954 habebat

390 1008 458 1081 sub
478 1025 519 1080 se
539 1001 731 1080 duodecim
755 1002 860 1077 milia
886 1000 1157 1078 Tracianorum
1176 1008 1213 1078 et
1230 1009 1404 1102 potuerat
1424 1025 1520 1079 curn

387 1131 442 1208 eis
470 1129 688 1229 mancipare
717 1129 937 1206 Possonien.
967 1135 1006 1205 et
1032 1129 1194 1224 Pragen.
1224 1127 1396 1225 Regnum
1432 1129 1519 1205 Βο-

389 1256 593 1335 hemornm.
625 1255 770 1332 Radich
800 1255 924 1334 Bositt
942 1279 1032 1356 sepe
1050 1257 1172 1356 ipsum
1200 1257 1373 1334 mouebat
1390 1278 1519 1355 super

390 1405 526 1482 aquam
545 1391 583 1460 et
601 1407 715 1483 super
734 1392 874 1462 terram
902 1407 1034 1460 versus
1060 1383 1266 1480 Viennam,
1294 1405 1363 1483 per
1382 1383 1517 1460 Deum

365 1505 369 1520 '
391 1533 519 1587 omnes
537 1517 712 1610 potuerat
729 1513 931 1610 subjugare
950 1535 1015 1590 eos
1034 1513 1103 1588 sub
1122 1535 1185 1606 se,
1205 1510 1272 1588 sed
1289 1533 1358 1609 per
1377 1511 1515 1607 segni-

392 1639 489 1714 ciom
516 1662 622 1716 suam
658 1640 836 1736 neglexit.
875 1639 1062 1740 Tempore
1095 1639 1299 1742 vaiuodatu
1327 1661 1395 1716 suo
1424 1644 1516 1716 erat

389 1771 562 1843 strenuos
580 1771 618 1842 et
636 1789 782 1862 curans,
803 1775 841 1843 et
859 1768 970 1844 velox
981 1767 1019 1844 in
1034 1767 1157 1845 causis
1176 1768 1373 1866 pergebat3
1393 1763 1514 1841 haud

392 1893 431 1966 in
460 1891 657 1990 Regietate
685 1895 826 1970 suonil
845 1902 1080 1990 ademerat,
1109 1893 1176 1971 sed
1201 1893 1382 1970 tremulus
1410 1900 1511 1969 erat.

390 2018 474 2097 Nos
492 2019 786 2116 admirabamur,
814 2021 911 2119 quod
930 2021 1035 2099 Deus
1054 2022 1288 2120 omnipotens
1307 2024 1513 2118 acceperat

390 2147 438 2223 ab
457 2146 530 2223 hoc
547 2147 803 2224 strenuitatem
822 2171 949 2243 suom3
970 2155 1008 2224 et
1025 2147 1308 2226 dicebantdeeo
1320 2147 1508 2224 curiales:

394 2273 518 2371 „Ecce
546 2274 656 2350 timor
680 2273 795 2352 habet
821 2297 957 2374 penam
984 2283 1022 2352 et
1049 2275 1201 2352 donauit
1227 2273 1329 2352 eos.“
1360 2271 1419 2374 ⁴2}
1456 2271 1511 2348 Et

390 2399 446 2476 sic
473 2400 576 2478 misit
602 2423 668 2478 eos
695 2401 878 2480 adversus
906 2401 1012 2478 Iwan
1032 2401 1134 2479 Char
1163 2403 1311 2499 legatos
1338 2423 1448 2498 suos,
1471 2405 1510 2476 et

390 2549 459 2606 nos
479 2547 561 2603 cum
581 2526 700 2625 Rege.

496 2653 553 2730 Ad
591 2655 723 2731 iemem
760 2655 967 2732 intrauerat
994 2654 1042 2730 ad
1077 2653 1305 2752 Strigonien.
1343 2654 1507 2731 Paulum

390 2781 521 2861 Varda
539 2782 578 2859 in
597 2783 763 2882 profesto
782 2783 882 2859 beati
903 2780 1051 2858 Andree
1070 2781 1244 2881 apostoli,
1264 2787 1506 2880 etpertotam

389 2907 521 2984 iemem
548 2908 752 2987 mansimus
770 2909 822 2984 ibi
849 2909 887 2984 in
916 2907 1155 3004 strigoniam.
1176 2909 1228 2984 Et
1245 2917 1331 3008 post
1359 2907 1505 3005 Regem

390 3042 546 3112 venerat
573 3057 668 3112 vnus
695 3034 843 3113 Turcus
872 3057 1072 3136 precursor
1088 3059 1112 3112 a
1130 3035 1294 3132 Oesare3
1323 3035 1417 3112 etin
1434 3035 1504 3112 ho·

390 3161 508 3261 spicio
528 3160 722 3240 Francisoi
742 3161 895 3239 Chorba
914 3162 1051 3238 mansit
1067 3163 1154 3262 plus
1173 3185 1282 3261 quarn
1292 3187 1367 3239 vna
1376 3167 1504 3239 menie

390 3288 577 3388 priuatim,
597 3295 639 3364 vt
656 3311 729 3364 non
745 3287 967 3388 deputarent
985 3289 1134 3388 penitus
1150 3290 1367 3367 traditorem
1385 3291 1504 3368 Jonn·

390 3437 474 3492 nem
494 3413 648 3512 Regem.
670 3413 721 3490 Et
738 3415 778 3490 in
797 3413 987 3512 Strigonio
1016 3415 1099 3493 Rex
1121 3415 1211 3492 iecit
1228 3439 1442 3494 assessores
1467 3423 1505 3493 et

390 3541 585 3637 arcturos,
604 3549 643 3618 et
660 3541 900 3620 diudioabant
929 3542 1120 3641 utriusque
1146 3565 1215 3642 per
1238 3544 1404 3622 iauorem
1423 3567 1502 3620 ma·

389 3691 514 3765 gnam,
535 3669 597 3767 qui
615 3668 777 3770 potuerit
795 3668 885 3746 dare
904 3667 1094 3770 superflua
1112 3668 1157 3745 de
1176 3692 1267 3748 auro
1282 3676 1321 3747 et
1333 3679 1503 3768 argento.

391 3792 677 3873 Assessorvnus
689 3795 835 3872 nomine
855 3775 1080 3874 Benedictus
1099 3795 1257 3876 Bekrini
1272 3797 1503 3894 dePreslen;

390 3921 487 3999 alter
504 3945 595 3999 vero
616 3921 830 4000 Bernardus
858 3922 1001 4018 Borai3
1030 3930 1067 3998 et
1089 3925 1187 4001 male
1205 3932 1244 4000 ct
1261 3924 1346 4002 ficte
1372 3947 1503 4024 proce·

390 4047 626 4126 debentium
644 4048 745 4126 sedis
764 4049 884 4146 Regie
905 4049 1128 4148 Majestatis.
1158 4051 1209 4126 Et
1226 4075 1293 4128 rex
1311 4073 1422 4150 quum
1441 4051 1502 4128 in-

388 4175 599 4254 tellexisset
625 4175 861 4252 laucciniam
898 4197 1024 4253 eorum
1053 4176 1215 4253 minatus
1243 4185 1325 4255 erat
1350 4199 1436 4274 eos,
1466 4185 1504 4256 et

390 4299 532 4401 aliquid
551 4301 797 4382 decessabant
815 4310 856 4380 ut
869 4304 971 4402 juste
980 4303 1201 4401 judicarent.
