3260 5226
395 489 474 569 350

395 688 455 765 ohi
475 685 636 783 Georgii
665 686 781 764 autho
803 687 1010 786 :quidquid
1038 695 1139 767 totus
1157 691 1315 767 mondus
1342 692 1429 787 wit,
1458 693 1509 768 ult

397 839 481 893 eoae
500 813 686 892 secundus
704 815 921 894 monachus.
951 816 1061 894 Tune
1073 819 1154 915 jam
1172 815 1255 899 Rex
1274 819 1412 897 oblitus
1431 829 1510 897 erat

396 940 604 1040 accipiendi
623 940 670 1015 de
689 941 872 1018 monacho
900 943 1110 1038 racionem,
1141 945 1208 1020 aed
1220 946 1337 1044 jussit
1355 946 1448 1041 eibi,
1473 953 1511 1018 vt

396 1070 544 1146 veniret
561 1068 607 1142 de
626 1067 840 1164 Veradino,
862 1077 900 1144 et
918 1069 1092 1147 ordinare
1119 1072 1273 1168 ingenia
1300 1071 1348 1147 ad
1375 1072 1512 1148 bellum

396 1205 526 1276 contra
545 1197 694 1297 Maylat
711 1196 760 1273 ad
778 1197 1129 1276 Tranoeilwaniam.

503 1323 555 1398 Et
572 1323 628 1400 sio
645 1323 750 1398 veuit
766 1323 900 1400 iterum
929 1325 1134 1404 monachus
1163 1325 1211 1401 ad
1231 1327 1392 1420 Budam,
1422 1332 1508 1416 tote,

395 1451 476 1528 eine
503 1449 829 1548 premeditaeione.
870 1451 922 1527 Et
949 1451 1030 1528 Rex
1058 1453 1106 1529 ad
1134 1477 1176 1531 se
1205 1475 1342 1531 vocare
1369 1453 1510 1529 iecerat

394 1579 550 1655 fratrem
578 1575 806 1674 Georgium,
834 1585 872 1653 et
890 1579 985 1656 dixit
1002 1580 1076 1658 eibi
1097 1609 1105 1655 :
1130 1581 1256 1676 „Eece
1282 1579 1371 1679 quid
1390 1585 1512 1655 actum

396 1712 454 1800 eet
471 1705 518 1782 de
536 1703 614 1780 filio
634 1727 716 1780 meo
734 1705 967 1804 baptinmale
995 1707 1177 1810 Maylat.“
1209 1709 1261 1785 Et
1279 1707 1363 1784 Rex
1389 1729 1513 1784 eoram

394 1834 587 1932 inceperat
623 1833 750 1928 legere
788 1835 993 1932 monacho;
1031 1845 1069 1913 et
1095 1837 1300 1914 monachae
1336 1845 1514 1934 tanquam

393 1969 564 2038 metuens
583 1959 847 2039 admirabatur.
868 1963 920 2038 Et
937 1965 1083 2042 aiebat:
1108 1965 1231 2062 „Eece
1250 1963 1397 2041 domine
1415 1961 1512 2054 Rex,

395 2111 470 2164 non
497 2087 676 2164 credebas
704 2087 815 2184 mihi,
857 2089 924 2166 sed
950 2098 1074 2167 tamen
1103 2114 1174 2188 ego
1201 2115 1291 2191 sepe
1317 2091 1514 2166 veritetem

395 2215 634 2315 Mejestatem
653 2217 854 2292 vestram.“
887 2215 986 2310 Quia
1005 2221 1075 2296 oub
1094 2217 1259 2296 anouia
1278 2241 1360 2295 com
1379 2215 1516 2292 Mailat

396 2342 600 2421 monachus
628 2342 866 2441 pullogillom
893 2346 1124 2444 accipiebat,
1144 2353 1183 2420 et
1200 2345 1349 2446 Maylat
1366 2343 1515 2421 dicebat

395 2469 577 2547 monacho
606 2497 616 2543 ε
649 2469 759 2566 „Non
787 2469 893 2546 decet
920 2471 989 2550 tibi
1017 2473 1080 2549 hie
1115 2473 1262 2551 bellare
1298 2472 1513 2566 nobiccum,

396 2597 483 2696 quie
512 2617 644 2673 manna
672 2603 737 2671 tua
765 2598 834 2673 sub
862 2599 1097 2698 professione
1125 2607 1292 2695 tenetur,
1311 2621 1359 2674 ue
1378 2617 1514 2673 manue

394 2733 460 2802 tna
477 2725 667 2824 polluatur
695 2726 735 2800 in
762 2728 945 2824 sanguiue
964 2728 1147 2824 humana,
1177 2726 1288 2804 hawd
1314 2727 1448 2826 pocius
1474 2725 1515 2800 in

389 2853 574 2930 noeenoia
591 2855 844 2954 permaneat.“

501 2978 593 3056 Inde
612 2979 782 3077 equidem
796 2982 876 3078 jam
895 2979 977 3056 Rex
996 2981 1123 3077 mouit,
1144 2989 1182 3056 et
1199 2979 1342 3077 Regem
1361 3001 1514 3056 mouere

394 3109 537 3186 iecerat
555 3106 737 3184 aduersus
756 3107 936 3204 Maialat,
957 3114 994 3183 et
1013 3108 1122 3206 quasi
1141 3107 1223 3184 Rex
1253 3113 1336 3184 erat
1362 3105 1513 3184 semifa-

394 3243 502 3332 tuue;
523 3233 612 3334 quia
629 3257 713 3310 oum
731 3257 867 3331 magno
887 3257 989 3312 mero
1009 3234 1318 3334 doloriopergere
1328 3232 1377 3310 ad
1386 3233 1512 3311 Tran-

395 3362 617 3440 eilwaniam.

502 3485 626 3592 In(de)
644 3487 813 3586 quidem,
834 3487 933 3584 quod
950 3487 1122 3565 senciens
1143 3486 1279 3564 Mailat
1296 3485 1511 3565 admiraba-

394 3629 456 3700 tur
475 3621 605 3716 eoiam,
626 3625 664 3694 et
681 3618 780 3718 qood
798 3639 924 3694 oaeum
944 3617 1121 3715 audisset,
1142 3617 1289 3694 dicebat
1307 3619 1373 3695 ille
1392 3619 1513 3695 borma

395 3749 506 3829 mileo
526 3775 535 3823 r
560 3749 709 3846 ,Deue,
739 3746 844 3822 Deus
863 3767 978 3822 meuc.
1008 3747 1109 3822 Vere
1129 3753 1187 3823 eat
1205 3747 1280 3822 ieta
1297 3744 1512 3843 indignaoio

351 3851 366 3882 ⁶
396 3899 489 3975 erga
507 3899 583 3972 me,
604 3881 661 3952 est
678 3872 856 3960 tradicio,
876 3879 914 3947 et
932 3879 990 3948 eet
1008 3871 1185 3970 practica.
1208 3871 1297 3949 Fiet
1310 3873 1391 3969 eie,
1423 3895 1513 3971 quo·

396 4003 505 4082 modo
525 4003 630 4080 Deua
650 4003 725 4098 vlt,
755 3995 864 4100 Μὶν·
890 3999 957 4074 fiat
975 3999 1059 4093 lex,
1086 3997 1205 4075 iaciat
1222 3997 1299 4076 Sua
1317 3999 1514 4098 Majeatao.

396 4129 520 4223 Quom
538 4129 570 4207 ei
593 4130 657 4206 lex
676 4127 882 4222 reduxerit,
904 4125 1001 4224 quod
1020 4126 1091 4203 sim
1109 4148 1219 4222 reuo3
1247 4149 1306 4202 me
1323 4125 1450 4204 tradet
1467 4125 1515 4204 ad

396 4267 551 4337 mortem
577 4281 646 4358 per
673 4278 805 4332 manus
833 4253 1046 4353 Majeetatio
1074 4252 1149 4330 Sue
1179 4277 1265 4331 mox
1292 4253 1375 4331 eine
1395 4275 1513 4354 expo-

395 4387 614 4487 gnaoione.“
648 4384 723 4464 Sed
750 4383 957 4461 monachus
981 4406 1055 4459 non
1083 4390 1345 4480 consenseram
1374 4389 1413 4459 et
1430 4379 1513 4460 Rex

395 4515 549 4594 fouebat
559 4535 640 4590 cum
651 4511 811 4589 oonsilio
830 4509 938 4589 fratri
958 4507 1149 4607 Georgi03
1170 4511 1511 4609 quodnequaquam

396 4641 506 4719 debet
522 4639 689 4719 relaxari
710 4638 793 4735 eibi,
814 4637 881 4715 aed
899 4643 1149 4735 expugnatur.

502 4767 553 4842 Et
570 4766 755 4863 Reginam
784 4765 1024 4864 ,relinquerat
1052 4761 1135 4841 Rex
1163 4762 1458 4864 impregnatam
1479 4769 1513 4837 et
