3294 5208
410 475 461 554 36

347 702 352 718 ·
411 677 462 750 Et
489 697 602 773 quum
632 677 712 773 jum
739 673 982 773 perlegisset,
1011 673 1165 750 studens
1192 671 1381 774 predictus
1409 675 1525 752 etium

410 789 544 880 obtulit
559 801 620 877 'ad
646 824 778 877 manus
803 789 961 898 Glogor.
992 799 1044 875 Et
1070 801 1141 877 iste
1168 802 1228 878 vir
1255 825 1374 899 sager
1412 827 1527 901 quum

410 911 659 1006 intellexisset
686 929 724 1003 in
747 929 903 1021 litteris,
924 933 1140 1004 ooronotum
1158 928 1197 1003 in
1215 927 1358 1025 Regem
1387 928 1524 1006 Ludis·

416 1054 518 1130 loum
545 1053 751 1148 Karimiri,
789 1075 875 1128 mox
894 1052 1062 1129 libellum
1098 1075 1205 1130 suum
1224 1077 1307 1128 oum
1335 1077 1447 1130 manu
1475 1056 1527 1131 ad

412 1183 665 1281 pauimentum
684 1191 794 1277 jacta
814 1191 909 1256 esset
925 1177 962 1281 ¹⁸)
990 1186 1028 1254 et
1046 1180 1138 1256 dixit
1158 1209 1166 1254 :
1191 1182 1273 1277 „Ve
1291 1183 1399 1259 vobis
1417 1182 1528 1258 Hun-

412 1310 495 1405 gori
514 1315 551 1383 et
567 1309 688 1384 tooius
707 1305 1002 1402 Christianitati,
1033 1309 1121 1404 quio
1138 1309 1250 1384 istum
1267 1309 1400 1385 bouem
1419 1333 1528 1386 eoro-

411 1435 632 1513 naueruut.“
655 1433 707 1510 Et
725 1434 779 1509 nil
796 1434 883 1531 plus
902 1433 1078 1529 dixisset,
1108 1441 1145 1509 et
1163 1435 1357 1512 studentes
1375 1435 1527 1512 nobiles

412 1585 456 1636 uo
491 1560 678 1656 ignobiles
714 1560 813 1636 istud
851 1559 1015 1635 auditum
1052 1562 1205 1638 verbum
1244 1559 1449 1657 Glogouite
1478 1561 1529 1636 ud

412 1686 647 1782 Huuguriem
665 1687 979 1784 profunouerunt,
1009 1685 1110 1762 etde
1129 1686 1201 1762 hoo
1218 1689 1332 1764 verbo
1352 1687 1532 1784 Hunguri

410 1814 546 1889 bouem
565 1833 693 1908 regem
711 1815 897 1889 vocabunt
915 1835 1032 1911 vsque
1052 1814 1100 1889 ad
1118 1821 1286 1890 mortem.

519 1935 643 2030 Quum
662 1938 842 2016 vidissent
869 1939 950 2015 sine
977 1939 1114 2016 virtute
1143 1939 1361 2017 Ludisluum
1380 1940 1526 2036 Regem

413 2065 620 2142 Bohemum
638 2073 832 2162 magnates
851 2063 1025 2161 Hunguri
1043 2066 1088 2141 de
1108 2067 1291 2164 superiori
1311 2074 1439 2166 porte,
1460 2068 1527 2164 qui

414 2201 503 2270 sunt
516 2195 595 2290 jam
614 2192 801 2290 prenotati
821 2191 989 2288 Rongon,
1007 2191 1186 2291 Turohuj,
1198 2193 1315 2287 Prini,
1332 2193 1530 2290 Polooiak,

412 2315 675 2412 Homonsiuk,
706 2316 858 2410 Bebek,
888 2319 1006 2392 etsie
1036 2318 1081 2392 de
1109 2319 1289 2417 siugulis,
1317 2365 1368 2376 -
1397 2321 1529 2395 eodem

412 2451 583 2544 tempore
602 2443 874 2522 Osssouienses
902 2467 976 2518 nou
1003 2447 1178 2522 tenebunt
1196 2453 1336 2523 neotum
1355 2447 1461 2523 fidem
1482 2448 1534 2546 ad

413 2571 637 2668 Bangenos,
668 2573 763 2648 siout
799 2571 1016 2670 vespertilio
1054 2572 1150 2648 inter
1187 2569 1408 2678 1111113111
1435 2597 1531 2672 qua-

413 2699 648 2798 (11111111-
678 2700 739 2776 isti
768 2699 925 2798 predicti
953 2707 1149 2795 magnates
1177 2701 1345 2778 leserunt
1373 2725 1530 2798 oongre-

413 2826 607 2922 gaoionem
634 2827 789 2903 1111111
809 2827 846 2900 in
874 2827 1023 2924 publico
1052 2829 1134 2904 loco
1163 2828 1314 2926 opidulo
1344 2827 1529 2904 Galzeoh.

417 2951 549 3027 Eoiam
567 2975 705 3048 magua
723 2977 814 3052 pers
832 2960 933 3048 erot,
953 2955 1182 3052 seripserunt
1207 2955 1352 3032 litteras
1370 2957 1438 3032 sub
1457 2953 1531 3029 lide

355 3081 360 3092 '
414 3101 550 3174 magns
569 3078 617 3153 ad
635 3077 777 3174 Regem
807 3078 1002 3155 Albertum
1022 3081 1069 3154 ad
1088 3079 1309 3158 Orocouiam
1339 3083 1529 3180 suplican-

414 3212 471 3278 tes
509 3227 554 3278 eo
592 3204 832 3281 obsecrantes
873 3208 998 3282 verbis
1027 3215 1064 3282 et
1091 3231 1213 3284 sermo
1249 3209 1528 3284 fauentissimo:

419 3328 626 3426 ,Quoniam
649 3333 728 3426 jem
756 3331 924 3410 videmus
942 3335 1144 3432 perniciem
1163 3336 1282 3412 tooius
1301 3334 1527 3412 Christiani·

414 3456 503 3533 tetis
522 3455 621 3532 omni
640 3455 711 3550 die,
732 3457 828 3555 quod
847 3458 918 3533 iste
937 3457 1136 3552 Ladislous
1156 3483 1229 3538 nou
1248 3469 1348 3538 esset
1366 3463 1459 3538 satis
1479 3465 1529 3540 ud

416 3584 685 3684 protegendam
722 3584 1063 3682 Christianitotem,
1104 3599 1194 3685 erg'o
1231 3597 1407 3688 properet
1443 3615 1530 3668 sese

416 3732 526 3809 quam
555 3710 780 3809 peroptime,
801 3719 838 3788 et
857 3736 925 3788 nos
953 3735 1036 3789 oum
1056 3735 1099 3788 eo
1119 3715 1270 3814 oopiose
1299 3718 1457 3812 erimus,
1490 3729 1529 3792 et

417 3835 634 3914 Lodislaum
654 3838 698 3912 de
719 3838 825 3916 Bude
845 3839 979 3915 leuiter
1008 3862 1224 3938 expugnaro
1252 3843 1458 3942 possimus,
1489 3853 1529 3916 et.

415 3969 452 4038 11
471 3963 509 4038 11
528 3962 671 4060 Regem
691 3961 846 4066 (faeere)
866 3967 1048 4060 volumus,
1069 3967 1157 4066 quis
1175 3968 1348 4066 Regnum
1359 3979 1526 4048 nostrum

416 4089 623 4166 indubium
648 4094 727 4190 jum
757 4095 899 4170 vuoet.“
931 4093 1180 4184 Quamobrem
1209 4097 1325 4172 allute
1344 4105 1451 4173 eraut
1469 4097 1531 4174 lit·

417 4221 496 4291 tere
516 4215 564 4291 ad
582 4215 778 4294 Albertum
797 4217 940 4316 Regem
951 4243 1018 4318 per
1037 4222 1221 4314 nunoium,
1234 4220 1531 4327 ren(essquum)

419 4341 644 4439 perlegisset
663 4367 706 4419 so
725 4345 977 4440 intelexisset,
998 4348 1193 4424 eonsilium
1212 4349 1311 4443 feeit,
1331 4358 1369 4426 et
1386 4350 1425 4426 in
1442 4375 1530 4428 oon·

420 4466 507 4543 silio
535 4469 630 4544 bene
660 4479 934 4548 conoesserunt.
966 4472 1049 4549 Rex
1077 4471 1256 4551 Albertus
1284 4475 1470 4554 ordinauit
1488 4503 1530 4555 se

418 4667 733 4687 *ῂ--ιη-

455 4749 479 4814 ·1
500 4747 636 4806 11111
657 4755 803 4824 ,somnes
