3226 5220
1122 469 1197 550 159

101 663 215 762 bomo,
233 667 334 764 quod
347 669 427 765 jam
451 690 497 744 nc
525 666 747 765 premeditat
774 668 976 764 hactenus,
1006 670 1096 767 quia
1119 673 1199 768 jam

99 814 209 870 sunus
227 795 432 872 seruitores
451 794 548 890 Regi
572 793 822 890 Ferdinandi;
852 803 889 870 et
917 796 976 870 dic
1004 797 1040 872 ei
1067 797 1106 871 in
1135 798 1199 872 via

98 927 151 992 tua
172 921 218 996 ad
244 922 384 1020 ipsum,
404 921 488 998 dum
506 943 681 998 reuersus
701 923 832 1018 fuerit,
862 924 1134 1012 fraternitatem
1163 933 1199 1000 et

97 1047 288 1122 amiciciam
325 1071 350 1122 a
386 1047 529 1124 nobis.“
562 1047 614 1122 Et
642 1047 727 1123 dum
759 1058 981 1148 peragraret
1009 1049 1197 1126 Martinus

99 1171 244 1250 Botusin
264 1174 461 1250 itineribus
480 1175 570 1270 suis,
590 1197 765 1250 reuersus
785 1181 867 1252 erat
885 1176 933 1250 ad
952 1176 1194 1252 Valentinum

98 1297 248 1396 Tlerek,
269 1307 307 1376 et
324 1301 394 1376 tali
403 1300 510 1376 modo
519 1301 782 1398 pronunciauit
791 1302 994 1378 Valentino
1013 1301 1197 1380 Martinus

98 1425 208 1504 Butos.
229 1427 281 1502 Et
300 1427 395 1502 dixit
412 1428 639 1506 Valentinus
666 1428 852 1504 Therek:
878 1429 1026 1526 „Bene;
1055 1431 1123 1506 sed
1151 1431 1195 1506 de

97 1577 189 1628 manu
208 1576 292 1630 mea
311 1563 466 1632 mortem
485 1555 664 1656 patebit.“
697 1556 749 1632 Et
780 1557 1007 1633 Valentinus
1035 1559 1197 1654 rogabat

96 1703 165 1755 eum
192 1691 456 1779 mercatorem,
485 1691 525 1758 vt
553 1706 679 1760 secum
707 1684 968 1780 manducarct3
996 1686 1078 1784 ipse
1105 1708 1195 1761 vero

96 1811 274 1886 excusauit
295 1833 336 1886 se
355 1819 508 1909 propter
527 1819 663 1886 metum
680 1811 850 1910 partibus
875 1809 1037 1888 Joaunis
1065 1811 1194 1910 Regis.

98 1931 187 2010 Dixit
196 1937 439 2014 Valentinus:
454 1937 562 2034 „Ego
572 1945 610 2012 te
630 1939 835 2036 explorabo
854 1961 972 2034 usque
989 1939 1193 2036 edredum,

96 2059 139 2133 nil
154 2062 323 2138 timeas.“
350 2063 401 2137 Et
420 2064 476 2140 sic
494 2063 732 2138 manducauit
751 2085 834 2138 cum
854 2086 919 2158 θος
940 2071 977 2138 et
995 2065 1120 2140 statim
1148 2066 1195 2140 ad

95 2185 211 2262 vadum
231 2188 429 2264 Kalascha
448 2189 779 2288 explorauitvltra
797 2189 863 2264 dui
883 2189 992 2266 Ister.
1014 2191 1065 2265 Et
1091 2189 1193 2267 Mar·

93 2313 177 2390 tinus
194 2314 350 2412 pacifice
370 2315 418 2390 ad
436 2315 582 2392 domum
602 2339 708 2392 suam
734 2315 916 2412 equitauit
935 2315 982 2391 ad
1002 2315 1193 2415 Quinque·

95 2437 287 2538 Eclesien.;
308 2449 474 2517 atamen
494 2466 576 2518 cum
594 2450 755 2518 tremore
775 2467 922 2539 magno,
943 2445 1031 2541 quia
1050 2445 1193 2520 Paulus

96 2564 220 2666 Bakytt
247 2571 432 2645 tremebat
460 2569 508 2645 ad
544 2571 708 2646 futurum
746 2593 769 2644 a
806 2569 913 2667 Rege
950 2570 1118 2666 Joanne‚
1157 2579 1194 2646 et

94 2693 194 2768 noluit
211 2701 343 2770 comba
362 2717 445 2770 eum
463 2695 663 2792 quicquam
682 2719 809 2792 agere.

181 2818 304 2912 Quum
324 2821 408 2896 Rex
425 2821 452 2898 J
454 2845 595 2899 oannes
614 2823 786 2898 senciens
805 2829 842 2896 et
859 2822 960 2896 fama
987 2822 1055 2896 tali
1083 2821 1190 2896 modo

94 2945 230 3042 vigeret,
252 2948 351 3046 quod
369 2949 466 3024 inter
485 2949 578 3025 duos
597 2949 725 3025 hostes
744 2948 927 3024 resideret
941 2948 1107 3044 inBuda‚
1128 2948 1190 3025 dc-

94 3091 162 3146 0rs0
189 3083 225 3149 et
252 3097 403 3170 seorso‚
429 3099 573 3174 pauper
610 3075 700 3150 flere
730 3077 839 3174 cepit.
872 3075 1012 3172 „Ecce
1042 3076 1189 3151 domine

95 3195 182 3294 Rex,
200 3209 278 3276 tum
297 3225 368 3297 ego
388 3201 577 3298 dicebam,
604 3226 650 3278 ne
670 3203 770 3277 omni
798 3201 947 3300 spiritui
974 3202 1126 3298 credas,
1154 3209 1191 3277 et

93 3325 270 3426 principiis
299 3336 382 3403 osta
416 3353 500 3405 sero
529 3329 712 3404 medicina
739 3335 905 3426 paratur.
934 3328 1190 3424 Vigilantibus

93 3453 298 3530 subveniunt
309 3457 408 3552 jura.
429 3455 515 3548 Qua
530 3479 704 3532 mensura
725 3478 919 3550 mensura,
938 3454 1067 3529 eadem
1087 3479 1187 3532 men-

93 3599 163 3654 sura
179 3582 400 3658 remecietur
417 3583 563 3660 vobis.“

176 3705 375 3784 Ordinauit
392 3709 539 3784 litteras
557 3707 852 3806 preceptoriales
870 3706 919 3781 sd
937 3705 1041 3780 Iwan
1071 3703 1185 3804 Char,

92 3833 260 3910 utstatim
297 3835 443 3914 veniret
469 3835 720 3934 personaliter
756 3834 849 3910 visis
876 3834 1111 3940 presentibus
1139 3834 1187 3908 ad

92 3951 299 4058 Bndsm,tm.
321 3984 404 4036 cum
422 3985 466 4038 eo
487 3963 613 4036 decem
633 3983 764 4037 seruos
784 3961 922 4036 habeat
939 3969 977 4034 et
995 3983 1068 4036 non
1086 3961 1184 4057 plus.

92 4079 130 4156 Et
157 4111 352 4184 precursor
379 4089 597 4186 peragrauit
624 4088 806 4163 aduersus
832 4086 968 4163 Jowan
996 4085 1118 4182 Char,
1148 4095 1186 4162 et

89 4207 234 4290 adlidem
252 4239 359 4291 suam
369 4215 576 4313 pollicitam
586 4214 795 4312 pristinam.
807 4211 975 4309 Cumque
985 4235 1183 4312 precursor

90 4329 226 4418 loannis
243 4341 362 4437 Regis
380 4341 516 4416 allaret
534 4339 582 4415 ad
600 4363 731 4416 manns
759 4339 860 4436 nigri
888 4337 1070 4434 hominis,
1098 4363 1182 4437 pre·

91 4469 253 4559 captoriae
271 4469 468 4567 perlegere
485 4468 638 4544 iecerat.
664 4465 785 4558 Quum
804 4467 1052 4541 intellexisset
1079 4465 1182 4543 (lber

92 4587 214 4692 donar,
224 4595 419 4694 respondit
435 4603 473 4670 et
491 4595 605 4670 dixit:
621 4593 731 4692 „Jam
750 4600 836 4669 sunt
855 4601 1011 4689 quatuor
1022 4615 1179 4690 menses,

95 4719 171 4810 quod
186 4737 253 4820 ego
272 4729 476 4818 cumgente
494 4745 579 4798 meu
596 4721 635 4797 in
654 4720 825 4798 desolata
847 4726 949 4796 terra
962 4720 1083 4816 jaceo.
1103 4717 1180 4795 Sua
