3226 5220
398 505 488 583 202·

403 706 483 803 Ipsi
503 704 595 799 duo„
625 703 802 779 videlicet
829 703 971 788 Paulus
994 701 1140 804 Bakytt
1159 709 1196 778 et
1215 701 1445 780 Valentinus
1467 701 1528 776 di-

400 839 562 910 xerunt:
588 833 817 929 „Possumus
846 853 929 905 curn
949 831 1145 928 prevalere
1174 853 1258 906 cum
1286 831 1433 907 astucia
1454 853 1528 904 no-

400 967 490 1055 stra,
511 960 544 1036 si
563 959 623 1034 vis
642 958 788 1034 domine
816 957 1056 1035 Valentiue.“
1089 955 1172 1032 Hec
1191 957 1340 1034 dicebat
1358 957 1528 1032 Tracia-

400 1112 469 1165 nus
503 1089 646 1163 Paulus
684 1085 839 1186 Bakytt.
882 1086 934 1160 Et
961 1084 1055 1160 dixit
1081 1085 1308 1162 Valentinus
1345 1085 1527 1160 Tereus:

404 1211 671 1311 „Quomodo?“
703 1211 805 1310 „Ita„
837 1210 934 1309 quod
956 1217 997 1286 tu
1017 1235 1058 1288 es
1087 1210 1315 1308 Hungarus‚
1346 1217 1384 1286 et
1410 1212 1528 1310 ipse;

400 1365 554 1438 cumque
572 1341 690 1415 aciem
709 1362 815 1415 suam
833 1340 960 1438 possis
988 1338 1136 1434 videre,
1165 1359 1272 1414 curre
1292 1339 1365 1414 cito
1384 1337 1445 1438 ⁵⁹⁶?
1474 1339 1528 1413 ad

400 1491 484 1545 eum
511 1469 615 1544 solus
642 1473 806 1561 tantum3
827 1473 864 1540 ct
883 1465 964 1564 ipse
981 1473 1019 1539 te
1038 1465 1159 1560 videt„
1189 1473 1226 1539 et
1253 1465 1335 1563 ipse
1362 1487 1452 1540 mox
1475 1464 1527 1540 ad

398 1603 435 1671 tc
464 1615 634 1670 ocnrsum
663 1592 853 1668 habebit.“
894 1591 1003 1666 Dixit
1027 1591 1253 1668 Valentinus
1282 1621 1289 1666 :
1323 1587 1461 1688 „Quod
1490 1592 1526 1666 si

399 1721 607 1817 neglexerit
635 1742 783 1796 cursum
813 1743 904 1815 erga
922 1742 1001 1812 me,
1021 1719 1121 1828 quid
1138 1719 1278 1794 iactum
1297 1716 1419 1794 erit?“
1454 1715 1528 1792 Ait

400 1845 612 1921 Tracianus
631 1845 774 1921 Paulus
793 1873 802 1919 ε
827 1844 960 1942 „Quod
978 1845 1012 1920 si
1031 1868 1105 1920 non
1125 1843 1394 1943 comparuerit,
1420 1851 1526 1918 atta-

399 1995 483 2046 men
512 1973 626 2049 habet
652 1979 780 2048 vestra
808 1971 1016 2047 dominacio
1055 1973 1199 2047 celeres
1227 1991 1354 2068 equos.
1394 1969 1526 2068 Super

398 2123 509 2175 vnum
537 2106 644 2198 potes
673 2107 801 2176 vestra
828 2099 1040 2174 dominacio
1069 2099 1244 2175 reiterum
1274 2119 1419 2173 cursum
1451 2097 1525 2172 ha-

397 2228 507 2321 bere3
527 2227 617 2323 quia
634 2225 717 2302 Rex
737 2224 1078 2324 Ferdinandusper
1094 2224 1275 2300 astuciam
1294 2223 1526 2322 promiserat

398 2375 510 2426 vnum
529 2375 654 2428 arcem
673 2351 801 2426 'Phala
820 2373 901 2426 cum
921 2351 1021 2426 omni
1040 2350 1279 2448 possessione
1299 2372 1388 2443 sua„
1419 2350 1523 2446 quod

398 2479 430 2554 si
451 2477 692 2554 Franciscum
713 2477 815 2552 Bodo
844 2478 984 2576 poterit
1012 2483 1160 2576 captum
1190 2475 1361 2551 ducere.“
1394 2476 1446 2550 Et
1466 2477 1524 2552 sic

398 2605 567 2680 intellexi
596 2611 633 2679 et
660 2604 788 2680 audiui
814 2628 838 2678 a
865 2604 984 2678 milite
1021 2602 1204 2699 Huugaro
1242 2625 1356 2701 super
1385 2625 1523 2678 cenam

399 2730 499 2831 apud
525 2731 725 2829 plebanum
762 2727 889 2826 Hace„
928 2728 1074 2805 demum
1113 2728 1210 2826 quod
1238 2750 1367 2805 verum
1394 2729 1524 2806 tuerat

399 2863 542 2957 postea.
574 2855 742 2953 Cumque
771 2856 964 2932 venissent
993 2855 1153 2932 aduersa
1180 2879 1271 2954 pars
1297 2855 1335 2929 in
1355 2854 1454 2930 facie
1475 2855 1516 2929 in

399 3009 530 3083 campo
550 2984 713 3083 planicie
732 2985 800 3058 tali
820 2984 940 3078 modo,
961 2984 1058 3061 sicut
1076 2985 1256 3082 scriptum
1276 2990 1354 3078 est,
1375 2985 1520 3080 ample·

399 3112 478 3186 xati
508 3117 594 3187 sunt
622 3133 734 3186 vnum
763 3112 922 3188 alterum
952 3111 1023 3188 duo
1052 3111 1192 3187 milites
1229 3109 1405 3207 Hungari
1433 3133 1521 3208 pre·

400 3237 499 3312 dicti.
519 3237 745 3314 Valentinus
765 3237 913 3314 Turcus
932 3237 1043 3313 valde
1062 3245 1144 3314 erat
1161 3237 1358 3334 garrulus,
1379 3244 1521 3312 etcum

401 3364 490 3438 seua
509 3363 626 3438 verba
645 3385 714 3438 sua
733 3363 933 3462 deceperat
951 3370 988 3438 et
1006 3364 1299 3461 prolexabantur
1315 3362 1354 3436 in
1365 3363 1519 3456 sabulis,

399 3488 586 3587 quomodo
613 3488 653 3563 in
674 3487 973 3566 ¹'l'raussiluania
1007 3495 1287 3589 peragrassent.
1327 3487 1379 3562 Et
1405 3488 1519 3562 v'alde

400 3616 573 3691 dicebant
591 3615 786 3711 comitiae„
807 3623 848 3690 vt
865 3640 912 3691 ne
932 3615 1117 3712 crederet,
1139 3622 1176 3692 ct
1194 3617 1298 3695 solus
1316 3599 1519 3712 ne'perge·

400 3749 468 3817 ret.
493 3741 635 3838 „Quia‚
656 3742 803 3817 domine
823 3743 1040 3839 magnifice,
1069 3741 1258 3842 decipiunt
1275 3749 1333 3836 te„
1355 3747 1392 3815 et
1410 3739 1519 3815 dece-

399 3877 486 3968 ptus
514 3869 634 3964 eris;“
666 3869 811 3967 pedites
840 3871 1012 3947 dicebant
1038 3870 1108 3945 hec
1136 3871 1261 3944 verba.
1291 3867 1520 3944 Franciscus

405 3995 509 4072 Bodo
529 4024 538 4070 :
562 3996 729 4093 „Milites
753 3996 966 4094 fortissimi,
987 3997 1051 4094 qui
1070 4017 1212 4071 mecum
1231 3993 1322 4071 estis
1340 3993 1449 4068 hausi
1470 3992 1520 4067 ad

400 4122 667 4217 intercandum,
688 4123 760 4198 iste
779 4123 886 4199 miles
906 4129 964 4199 est
982 4121 1072 4198 mihi
1090 4121 1231 4196 amicus
1251 4127 1288 4194 et
1306 4117 1515 4194 dominus.“

401 4251 452 4324 Et
479 4250 601 4325 adhuc
628 4251 702 4350 ipsi
730 4251 892 4351 hayduci
907 4349 912 4361 .
930 4251 1104 4326 dicebant
1132 4286 1142 4322 t
1181 4247 1450 4344 „Nequaquam
1481 4249 1516 4322 ei

401 4377 755 4454 obtemberaberis.“
800 4376 969 4474 Cumque
996 4377 1033 4451 in
1061 4376 1181 4450 vicem
1219 4375 1369 4449 stabant
1404 4393 1519 4470 super

354 4578 359 4586 ,
402 4509 560 4598 terram,
588 4503 760 4600 pedester
779 4503 887 4580 irruit
905 4528 987 4580 cum
1015 4509 1138 4579 turma
1157 4523 1306 4578 suorum
1326 4499 1519 4574 ambabus.

401 4626 582 4725 Oamptus
609 4629 679 4705 luit
704 4653 790 4706 mox
818 4630 1043 4708 Francisous
1072 4629 1178 4705 Bolo.
1208 4627 1371 4702 Dicebat
1397 4619 1518 4702 Fran·

401 4754 521 4830 ciscus
541 4780 550 4828 ε
574 4757 674 4852 „Vbi
694 4757 786 4834 fides
804 4764 881 4854 tua,
902 4757 1118 4850 Valentius,
1139 4753 1236 4852 quod
1255 4775 1391 4851 mepcr
1406 4749 1517 4826 fidem
