3260 5226
402 509 482 590 380

403 713 642 790 nmanoones
661 736 774 814 super
792 736 926 812 aquam
956 715 1052 790 lster
1071 717 1351 814 remigauerunt
1368 739 1455 794 eum
1476 719 1526 794 ad

242 845 249 855 “
403 841 649 938 Strigoniem,
680 847 717 916 et
735 840 789 916 ibi
817 863 901 916 eum
928 842 998 938 sub
1026 843 1196 920 custodio
1211 853 1441 943 posuerant.
1473 845 1526 920 Et

400 966 563 1044 secundo
582 967 642 1043 die
661 967 707 1042 de
726 990 814 1044 arce
832 965 1023 1065 Strigonie
1042 967 1097 1046 sio
1116 969 1300 1048 duxerant
1317 971 1365 1048 ad
1382 972 1524 1050 testum

402 1094 539 1172 Sancte
558 1094 759 1173 Michaelis
777 1093 903 1171 archa

508 1222 560 1298 Et
577 1223 714 1300 Petrus
733 1222 934 1322 suplicauit
952 1221 1049 1320 Regi
1068 1222 1323 1318 Fordinsndo,
1342 1232 1384 1298 vt
1401 1223 1522 1301 admi·

297 1393 300 1403 ·
401 1349 577 1427 nistretur
600 1349 764 1447 justicie.
794 1346 916 1441 Quum
945 1348 1093 1426 audien.
1133 1348 1392 1427 Ferdinandus
1422 1350 1520 1446 Rex,

400 1475 561 1553 libenter
579 1476 717 1572 voluit;
748 1483 785 1552 et
802 1475 950 1551 dicebat
969 1503 977 1549 :
1004 1473 1100 1572 „Qui
1118 1474 1307 1553 desiderat
1319 1476 1520 1575 justitiam,

399 1603 466 1680 ille
484 1602 609 1700 diligit
619 1605 777 1680 Deum.“
802 1603 947 1680 EtReu
967 1611 1173 1702 competen.
1186 1603 1285 1680 diem
1294 1605 1468 1704 reliquid,
1481 1613 1522 1680 vt

401 1730 478 1806 sint
496 1731 697 1830 optimates
716 1731 885 1807 dueesac
903 1727 1089 1828 Hungari.
1109 1730 1160 1805 Et
1168 1753 1324 1829 eumque
1343 1730 1520 1808 aduenis-

399 1862 458 1932 set
485 1862 700 1956 competens
728 1856 828 1951 dies,
859 1878 945 1931 mox
973 1855 1179 1934 tribunalis
1201 1856 1316 1954 jussit
1342 1857 1520 1936 ordinare

395 1981 586 2080 judicibus
605 2005 671 2059 seu
690 1983 875 2060 arbiteris.
906 1983 957 2058 Et
974 1983 1013 2058 in
1032 1982 1121 2058 sede
1144 1983 1287 2082 incepit
1302 1986 1519 2083 responsio·

400 2132 483 2186 nem
509 2131 614 2188 suam
642 2133 863 2210 componere
900 2109 1098 2188 adversum
1134 2106 1276 2207 Regem
1310 2109 1518 2190 Ferdinan·

302 2287 305 2296 ·
399 2235 514 2312 dum:
548 2237 674 2334 „Bene
703 2237 789 2313 'Pna
816 2235 1033 2314 recordetur
1061 2233 1292 2314 Serenisima
1319 2237 1518 2336 Maiestas,

401 2360 499 2460 quod
517 2383 584 2461 per
603 2385 661 2438 me
680 2386 721 2439 es
740 2367 938 2438 coronatus
957 2362 997 2436 in
1015 2359 1158 2459 Regem
1177 2361 1462 2460 Hungcrorum;
1482 2373 1519 2442 et

398 2488 495 2586 quod
513 2511 639 2584 arces,
660 2496 699 2564 et
716 2488 814 2586 quod
833 2488 1007 2565 ciuitates
1035 2489 1198 2565 munitus
1217 2489 1366 2588 optines
1383 2489 1423 2566 in
1443 2489 1517 2568 Rc·

399 2637 474 2712 gno
492 2612 707 2712 Hungarie,
729 2637 774 2690 ao
793 2615 969 2712 regiones
987 2636 1070 2690 oum
1089 2621 1274 2712 prouentu
1292 2637 1444 2712 eornm;
1463 2617 1517 2692 ri-

372 2741 535 2818 delicet
561 2764 686 2819 arcem
715 2739 906 2839 Strigonie
934 2741 1047 2817 simul
1074 2763 1157 2817 enm
1176 2741 1349 2838 ciuitate,
1379 2742 1516 2822 Albam

399 2869 597 2966 Regaliam
624 2869 798 2948 similiter
825 2891 907 2944 cum
935 2871 1054 2945 eciem
1081 2891 1164 2946 cum
1185 2869 1341 2967 regione
1360 2893 1454 2968 sua3
1481 2879 1517 2946 et

401 2994 575 3094 Quinque
595 2995 875 3074 Ecclesiensem
903 2995 1092 3070 ciuitatem
1121 3017 1204 3070 oum
1222 2996 1417 3094 provincie
1435 3019 1514 3074 sne.

400 3123 637 3200 Solummodo
656 3123 747 3200 mihi
767 3145 1000 3220 nequequam
1019 3121 1184 3223 oportuit
1201 3121 1296 3199 mihi
1315 3145 1400 3200 oum
1418 3123 1515 3202 Tur·

399 3251 456 3328 eis
485 3247 560 3346 ¹¹⁴·;
594 3249 900 3348 tranquillitatem
938 3248 1078 3328 habere
1107 3257 1261 3348 propter
1288 3249 1384 3327 duas
1411 3274 1515 3328 arces

400 3402 514 3474 meas,
538 3377 713 3454 videlieet
732 3377 969 3456 Sikloswera
987 3383 1024 3453 et
1042 3376 1226 3454 secundus
1237 3378 1514 3478 Valppowarsc3

399 3505 489 3604 quia
505 3527 576 3601 ego
595 3525 767 3580 eumcum
786 3505 994 3582 'Persarum
1013 3503 1245 3582 vicinitatem
1262 3510 1407 3598 tenen.;
1428 3503 1515 3602 quia

399 3633 432 3709 si
451 3655 521 3708 arx
539 3653 624 3706 mea
642 3655 697 3708 sw
714 3655 823 3708 arces
850 3630 1039 3730 predictas
1057 3630 1096 3706 in
1116 3631 1290 3708 manibus
1307 3629 1389 3710 suis
1408 3655 1511 3708 men·

401 3761 526 3860 cipere
554 3757 783 3858 possederit,
813 3782 901 3836 vere
930 3759 1091 3838 Vienom
1127 3779 1373 3858 sepenumero
1408 3760 1516 3836 timeo

400 3885 554 3963 visitare
573 3886 751 3984 ceperint.
773 3886 882 3962 Nunc
901 3910 990 3984 ergo
1008 3888 1288 3982 abeomugncm
1307 3893 1515 3985 respectum

399 4014 448 4090 ab
468 4014 534 4110 eis,
555 4022 592 4089 et
609 4013 739 4090 fauent
758 4014 861 4108 mihi,
882 4023 920 4090 et
938 4037 1009 4111 ego
1028 4014 1084 4092 eis
1102 4013 1232 4090 fauere
1250 4011 1340 4090 milri
1359 4019 1515 4112 oportet.

401 4140 523 4234 Quum
542 4163 613 4238 ego
633 4141 710 4218 vidi
738 4147 888 4238 gentem
917 4139 1181 4220 Germanicam
1210 4161 1292 4215 cum
1321 4140 1376 4216 nil
1395 4140 1514 4240 adipi·

310 4335 317 4350 .
399 4273 504 4344 scent
522 4289 588 4376 pro
609 4267 730 4343 tocius
758 4265 1076 4362 Christianitatis,
1097 4273 1136 4342 et
1153 4265 1228 4364 ipsi
1248 4268 1517 4364 exspectabant

399 4391 649 4496 aancerum
668 4393 781 4470 basse
808 4393 1022 4470 reddentem
1051 4391 1242 4469 ciuitatem
1270 4389 1414 4467 Budcn.
1433 4414 1513 4470 cum

398 4543 505 4615 erce3
535 4541 665 4599 verum
693 4519 840 4618 quidem
867 4521 962 4597 bene
990 4517 1197 4616 dirigebam
1224 4541 1289 4596 eos
1312 4517 1514 4596 exereitum

401 4645 701 4724 Christianorum
722 4646 770 4722 ad
790 4645 1041 4745 pugnandum,
1062 4643 1148 4721 dnm
1168 4641 1398 4722 diesethora
1416 4666 1512 4720 com-

399 4777 522 4869 petcn.
543 4778 635 4848 erat.
661 4771 781 4863 Quum
801 4772 923 4849 subito
942 4771 1166 4849 circumdedi
1185 4771 1374 4848 ciuitatem
1393 4769 1512 4849 Pesti-
