3226 5220
1115 483 1191 566 157

103 685 183 764 dixit
198 689 249 766 eis
266 687 457 767 nobilibus
476 694 513 764 et
539 687 783 766 berronibns:
816 677 994 785 „Sileetis
1020 687 1060 764 in
1087 713 1194 787 paee,

101 815 199 890 donee
216 816 262 892 ad
281 838 340 892 me
359 815 487 890 venire
505 813 640 889 debeat
657 810 746 916 Ἢν·
775 834 822 890 ex
841 813 1015 890 mandato
1033 815 1143 890 mei.“

188 941 276 1017 Inde
313 941 462 1038 quidem
497 939 724 1018 Valentinus
760 938 918 1016 'Pherek
955 941 1074 1016 eoiam
1110 962 1193 1017 eum

97 1069 245 1145 tricentis
263 1069 445 1144 militibus
465 1090 548 1143 oum
565 1068 753 1165 equitibus
771 1089 919 1144 rursum
947 1075 1126 1167 preparat
1151 1091 1194 1144 se

99 1195 278 1271 aduersum
295 1195 442 1290 nigrum
469 1194 676 1290 hominem,
705 1201 742 1269 et
769 1195 949 1271 velociter
976 1195 1118 1271 oueurit
1146 1193 1194 1270 ad

99 1345 205 1397 aroem
239 1321 441 1398 Zabattka.
480 1320 603 1413 Quum
639 1321 747 1417 niger
773 1321 884 1397 homo
912 1344 986 1398 non
1013 1329 1095 1399 erat
1114 1326 1194 1422 jam

98 1470 236 1543 presens
254 1449 295 1522 in
312 1470 399 1522 aree
427 1445 637 1541 Zabettka,
666 1451 704 1520 et
731 1467 825 1542 quos
853 1445 1062 1523 Traeianos
1088 1448 1193 1524 inue-

97 1581 188 1648 nerat
204 1575 255 1650 ibi
274 1573 456 1669 residem,
476 1573 564 1648 illos
583 1573 855 1669 exterminauit,
875 1581 914 1647 et
930 1574 1056 1650 statim
1075 1577 1192 1651 muni-

95 1698 221 1774 cionem
238 1722 443 1799 preperare
457 1701 625 1797 jusserat
643 1722 724 1775 oum
756 1701 919 1798 colonis,
949 1708 987 1777 et
1008 1703 1088 1800 jam
1114 1709 1193 1780 tute

95 1825 287 1923 residebat,
306 1826 369 1902 hio
387 1849 468 1903 oum
487 1825 654 1904 audien..

361 2147 694 2252 (ereremum
721 2151 925 2256 nuum).

186 2366 230 2442 ln
266 2366 445 2464 Vienna,
483 2367 567 2444 Rex
612 2368 874 2447 Fordinendns
911 2376 949 2445 et
994 2371 1193 2469 optimates

94 2491 253 2591 Hungeri
290 2496 487 2592 elegerunt
524 2495 564 2570 in
601 2497 833 2610 legacionem
862 2497 1022 2573 Paulum
1050 2498 1195 2600 Bakytt

94 2621 192 2696 istun
218 2622 468 2719 Traeiannm,
494 2623 556 2734 qni
583 2623 711 2718 iugem
737 2623 890 2701 dederet
916 2623 963 2700 de
989 2624 1128 2700 anoia
1145 2627 1222 2720 ad,

94 2744 326 2845 Hongariam,
346 2756 387 2823 vt
395 2749 467 2824 iret
485 2747 534 2823 ad
551 2749 698 2846 nigrum
708 2749 895 2826 hominem
914 2773 997 2826 oum
1010 2751 1192 2828 thezauro

12 2905 13 2928 o
94 2877 294 2953 muneribus
331 2877 502 2976 copiose,
532 2884 570 2952 et
605 2877 728 2977 ipsum
764 2878 946 2956 adherere
981 2880 1122 2956 faeeret
1156 2887 1194 2954 et

12 3023 13 3104 ἢ
93 2999 267 3078 declinare
302 3003 351 3078 ed
377 3002 523 3100 Regem
549 3003 850 3102 Ferdinandum3
878 3005 968 3103 quia
995 3005 1080 3082 Rex
1106 3029 1193 3106 pro·

12 3113 13 3162 ³
94 3129 226 3206 niteret
243 3127 320 3207 sibi
338 3128 428 3205 dure
446 3151 555 3208 eroes
573 3152 657 3206 oum
671 3132 984 3231 possessionibus,
994 3144 1079 3211 ‘non
1096 3133 1195 3211 sient

12 3297 14 3330 o
92 3253 248 3334 loannes
275 3255 361 3332 Rex
378 3257 521 3334 nullam
541 3279 668 3336 euram
685 3257 801 3338 hebet
818 3265 861 3336 de
878 3270 1002 3337 oestro
1028 3267 1193 3360 magnifi-

12 3419 13 3460 ψ
94 3392 217 3460 reneio.
229 3379 265 3487 *)
275 3383 328 3459 Et
344 3384 415 3460 tali
432 3383 554 3462 forma
571 3385 805 3486 seripserunt
821 3385 970 3466 litteras
983 3385 1033 3464 ad
1046 3386 1194 3484 nigrum

91 3506 274 3610 honinem,
294 3512 358 3610 qui
377 3511 511 3591 dieitur
535 3513 674 3593 Jowan
691 3512 806 3612 Char,
826 3521 864 3590 et
882 3503 1075 3614 expensos
1086 3515 1191 3614 quin-

91 3659 150 3734 que
176 3640 282 3716 milio
310 3637 493 3739 florenos3
513 3649 552 3717 et
577 3642 699 3720 seruis
728 3643 807 3720 suis
834 3643 1037 3740 quingenta
1064 3643 1193 3741 peeiae

91 3769 192 3862 panni
212 3766 260 3842 ad
279 3769 509 3845 obtullerunt
527 3769 583 3865 ei;
603 3777 641 3844 et
658 3768 791 3867 eiplros
809 3777 963 3846 aureato
990 3770 1137 3867 dooem3
1156 3779 1194 3846 et

91 3913 195 3990 equos
221 3893 383 3991 quinque
418 3893 647 3973 Turoalium.
676 3897 820 3972 Paulus
847 3895 999 3972 Baehitt
1030 3899 1194 3997 portauit

93 4017 153 4094 ista
179 4041 242 4098 ree
268 4043 379 4099 earas
406 4021 454 4098 od
481 4023 672 4099 ciuitatem
690 4021 1114 4123 Quinque-Eoelesien..
1142 4025 1194 4101 Et

93 4145 135 4222 ibi
161 4155 245 4224 eret
272 4169 369 4224 rnus
397 4157 583 4228 mereator
611 4150 758 4226 nomine
795 4149 913 4227 Botns
949 4149 1118 4248 Marton,
1156 4159 1194 4226 et

94 4269 225 4350 Paulus
242 4273 409 4375 Baohytt
425 4275 578 4352 madidit
596 4277 670 4354 ista
687 4295 841 4355 munera
858 4277 1030 4376 preciosa
1047 4276 1096 4352 ed
1114 4299 1191 4352 me-

92 4421 149 4478 nos
174 4403 334 4502 predioti
361 4407 569 4503 mercatori,
598 4412 636 4481 et
661 4406 933 4504 preeeptoriam
961 4403 1081 4501 Regio
1109 4403 1190 4480 Me·

88 4529 225 4622 latetis
234 4527 463 4607 Ferdinandi
482 4531 665 4628 eontullit,
685 4539 726 4608 vt
744 4532 893 4610 offerret
911 4531 1019 4629 nigro
1037 4529 1190 4609 homini.

117 4801 146 4874 ⁸)
164 4799 232 4860 uto
249 4798 304 4857 ker
319 4797 452 4874 invites:
473 4799 527 4866 „de
545 4799 605 4858 eo‘.
