3260 5226
1158 558 1237 638 ara
1387 511 1391 520 ’

122 769 159 836 ct
177 761 332 838 volabat
359 757 407 836 ad
433 759 584 836 bassam
612 756 688 848 ire,
718 755 781 854 qui
810 763 892 833 arat
909 757 949 834 iu
966 758 1119 834 ciuitate
1137 781 1236 835 com·

122 887 267 990 positus
289 908 357 985 por
384 882 565 962 Cesaram
591 882 800 960 ontearum
825 881 1009 961 sccundus
1033 884 1159 961 bassa.
1188 884 1240 960 Et

123 1011 266 1090 ‘iurabi
292 1011 404 1088 valdo
431 1010 635 1087 horrebant
652 1030 736 1085 eum
754 1007 942 1085 domiuum
960 1010 1238 1106 cancellarium,

123 1139 221 1239 quod
247 1137 485 1216 latrocinium
513 1137 569 1213 cis
596 1159 672 1212 non
686 1119 923 1235 'permisebat
955 1137 1092 1214 facero.
1131 1134 1240 1229 Quod

121 1265 307 1366 equitaret
326 1265 495 1341 dominus
523 1262 775 1339 cancellarius
794 1263 843 1339 ad
861 1263 984 1339 locum
1003 1262 1238 1358 Zombathcl,
1251 1255 1256 1300 ³

122 1401 158 1469 ot
175 1392 294 1470 Turoi
323 1393 544 1491 inceperunt
561 1413 645 1466 aum
673 1390 814 1465 minare
834 1413 880 1466 ac
905 1392 1071 1468 clamore
1100 1392 1235 1468 verbo:

128 1518 231 1618 ,Isto
250 1513 399 1618 aanor*)
419 1516 693 1593 debotmortem
712 1515 829 1616 pati“,
842 1513 916 1614 1114
923 1531 950 1569 v.
970 1517 1101 1614 lingua
1118 1517 1240 1593 Inma-

123 1644 252 1724 olitica
279 1643 574 1743 proclamabant.
605 1639 687 1734 Quo
716 1621 853 1719 Marko
882 1643 997 1719 Deak
1024 1641 1240 1740 intelligens

123 1793 253 1850 corum
269 1793 340 1870 par
356 1769 523 1867 linguam
552 1767 770 1845 Turcalium
798 1769 893 1846 dixit
910 1770 959 1846 ad
975 1769 1241 1848 cancellarium

123 1896 342 1976 Verbwch:
367 1896 550 1994 ,Domine
573 1901 805 1997 recedamus
825 1897 873 1972 ad
891 1896 1124 1996 hospicium,
1152 1898 1241 1996 quia

123 2026 222 2102 malo
240 2021 369 2100 dicunt
386 2023 546 2122 pagani,
575 2022 673 2121 quod
691 2023 725 2100 si
742 2048 811 2124 pro
830 2023 979 2101 domina
997 2024 1158 2102 nobilius
1176 2048 1240 2100 vo·

122 2151 245 2226 lnmns
272 2149 483 2248 suplicans,
513 2157 650 2226 extunc
677 2150 776 2226 malo
804 2149 1020 2226 habemns.“
1047 2149 1157 2242 Quod
1175 2173 1251 2234 ans

121 2276 231 2354 dicus
259 2275 537 2353 cancellarius:
561 2274 722 2374 ,Melius
749 2284 850 2353 asset
876 2277 966 2353 mihi
994 2279 1089 2355 mori
1116 2278 1178 2354 hio
1203 2279 1242 2354 in

91 2383 96 2398 ⁸
124 2401 340 2496 obsidione,
370 2423 481 2498 quam
500 2401 592 2478 mihi
619 2401 730 2478 istam
758 2404 954 2502 penuriam
981 2403 1044 2480 hic
1061 2403 1237 2481 habcrc.“

124 2527 309 2606 Raitorati
336 2535 425 2605 sunt
451 2528 540 2605 ilico
568 2528 618 2603 ad
643 2528 870 2628 hospicium,
899 2537 937 2605 et
964 2528 1017 2605 nil
1044 2536 1243 2628 potuerunt

122 2653 327 2732 remedium
345 2677 413 2753 pro
432 2675 479 2730 ca
497 2653 664 2754 adipisci.

231 2781 283 2856 Et
291 2779 454 2858 secundo
464 2779 524 2856 dio
540 2780 580 2855 in
598 2803 722 2856 arocm
740 2781 903 2859 invitare
921 2782 1065 2857 fecorat
1083 2803 1242 2878 magnus

123 2911 240 2986 bassa
265 2907 315 2983 ad
332 2905 528 3006 prandium
556 2905 743 2983 domiuum
770 2907 1049 2984 cancellarium.
1081 2905 1240 3000 Quidam

123 3059 171 3110 ax
190 3033 431 3112 cubiculariis
449 3033 624 3111 dicabant
642 3033 728 3129 sibi,
748 3033 846 3131 quod
865 3033 1027 3110 evitarat
1043 3055 1241 3133 scapran-

125 3162 344 3256 diodorum,
364 3161 889 3260 otapotacionibussuorum3
909 3161 1087 3260 precipuo
1105 3160 1242 3237 Marko

128 3287 243 3366 Daak
268 3289 489 3364 consulebat
497 3309 592 3364 cum.
614 3286 689 3366 Sod
700 3287 934 3364 incessanter
944 3289 1145 3364 veniebant
1162 3295 1246 3386 post

126 3417 262 3516 ipsum,
286 3420 324 3490 ot
342 3413 727 3492 iuitoircabassamin
738 3413 991 3490 arocBudam.
1011 3413 1064 3490 Et
1072 3414 1125 3491 ibi
1142 3415 1245 3496 laute

125 3539 390 3622 tractuuisscnt
407 3549 446 3618 et
462 3543 558 3618 beno
585 3564 690 3637 cum,
720 3541 824 3616 vonit
851 3541 900 3616 ad
928 3541 1138 3641 hospicium
1157 3549 1243 3641 post

125 3665 338 3746 absolutum
365 3666 574 3766 prandium.
604 3667 656 3742 Et
682 3665 769 3743 dum
796 3667 985 3744 scribebat
1011 3690 1122 3765 super
1141 3691 1241 3744 man·

125 3817 227 3890 sam,
256 3793 378 3871 dixit:
408 3795 534 3892 ,Varo
561 3795 739 3892 frigorem
767 3795 927 3871 haboo.“
959 3795 1010 3872 Et
1036 3797 1157 3873 tarcis
1183 3794 1242 3872 dio

125 3919 353 4000 obdorminit
370 3921 410 4003 iu
429 3921 591 3998 Domino
610 3921 691 3998 sine
710 3920 958 3998 confessione.

234 4047 284 4124 Et
311 4047 531 4147 simpliciter
566 4049 766 4146 portabant
793 4069 931 4146 corpus
958 4049 1040 4125 eius
1066 4055 1243 4148 tanquam

126 4173 281 4276 pcouffis
300 4181 415 4270 artus,
436 4181 474 4250 ot
491 4174 567 4252 cito
585 4176 626 4250 in
644 4197 718 4252 vno
738 4174 911 4273 sepulcro
930 4197 1137 4254 marmoreo
1156 4199 1241 4254 con·

125 4302 301 4380 didorunt
332 4325 387 4378 su
413 4301 649 4401 proiccrunt,
680 4309 723 4376 vt
748 4301 866 4378 Turci
891 4301 965 4376 cito
984 4301 1241 4398 assentirent,

125 4429 244 4508 donoc
269 4426 490 4506 thesaurum
526 4451 634 4506 suum
671 4427 890 4506 cubicularii
927 4427 1104 4506 colorant.
1142 4428 1242 4506 Dum

126 4553 369 4633 diuortisscnt
395 4553 441 4632 dc
469 4555 633 4632 ccclesia
666 4551 806 4636 Sancta
841 4551 971 4643 Maria
1003 4552 1247 4671 Magdaihenc,

138 4773 186 4782 -ο
309 4771 429 4780 ι--η--υ

7 4823 8 4832 ¹
161 4845 186 4910 Ἴ
207 4839 308 4898 Am:
332 4837 454 4914 ,giaur.“
598 4922 614 4940 .
