3260 5226
383 486 463 570 368

386 687 512 766 dare.“
543 685 593 762 Et
610 686 684 764 ista
702 683 904 784 suplieatio
932 704 1014 760 oum
1049 681 1288 781 querimoniis
1308 685 1389 758 erat
1406 679 1506 756 intro

386 816 526 913 ligata,
556 821 594 890 et
619 813 746 890 nutrix
773 813 813 888 in
841 811 979 888 eremio
1007 809 1163 888 infantis
1190 817 1430 910 apposuerat.
1456 809 1509 884 Fit

388 939 509 1021 Cesar
527 940 659 1020 videns
685 941 792 1016 illam
818 938 1031 1042 soedulam,
1055 954 1141 1015 mox
1169 938 1357 1040 arripiens
1375 938 1424 1016 de
1439 940 1508 1015 bu·

388 1072 474 1150 sinu
491 1068 619 1169 pueri,
649 1074 687 1143 et
713 1067 802 1143 feeit
828 1063 947 1142 Cesar
973 1065 1182 1164 perlegere.
1210 1065 1261 1140 Et
1278 1065 1327 1140 ad
1346 1065 1506 1165 modum,

389 1196 488 1298 quod
504 1197 816 1294 interpretassent
834 1191 926 1289 sibi,
955 1215 1042 1268 mox
1064 1191 1246 1268 infantem
1265 1194 1448 1292 aooipien.
1467 1195 1506 1270 in

387 1327 509 1403 ulnas
519 1347 619 1419 suas,
632 1320 911 1420 etamplexauit
928 1319 1120 1417 infantam,
1132 1326 1171 1396 et
1181 1342 1336 1398 munera
1355 1322 1506 1399 obtullit

390 1454 448 1549 ei;
466 1450 645 1526 videlieet
662 1448 712 1524 ad
730 1469 861 1523 manns
879 1446 988 1545 pueri
1005 1467 1117 1522 vnum
1136 1446 1182 1524 ds
1200 1470 1291 1524 auro
1321 1449 1507 1549 sculptum

226 1643 228 1650 .
389 1577 534 1676 fulgido
561 1598 719 1677 paruum
746 1575 931 1652 baoulunn.
961 1574 1013 1650 Et
1036 1573 1161 1661 dixit:
1194 1575 1339 1673 „Eooe‚
1374 1575 1431 1652 fili
1458 1577 1508 1652 mi

389 1706 499 1783 fratri
526 1703 688 1782 Joannis
715 1699 853 1797 Regis,
881 1700 951 1778 tibi
978 1699 1079 1776 dedit
1096 1701 1159 1777 vel
1177 1701 1314 1777 tradidi
1331 1704 1508 1781 baoulum

390 1831 620 1933 pastoralem
647 1847 881 1925 camporum,
913 1832 951 1901 et
976 1827 1162 1904 montibus
1189 1829 1437 1926 novalibus,
1468 1839 1509 1906 vt

391 1957 516 2058 possis
544 1954 655 2051 digne
674 1959 712 2030 et
729 1958 981 2051 competenter
1007 1973 1140 2048 regere
1159 1975 1204 2029 ae
1221 1953 1396 2054 inperare
1425 1979 1509 2033 eum

391 2083 537 2160 dioione
552 2087 619 2156 tua
637 2077 868 2176 Regiestatis
885 2077 1088 2174 regnicolis
1105 2079 1217 2157 tuis.“
1240 2081 1292 2156 Et
1309 2081 1410 2158 dedit
1427 2105 1509 2160 rnr-

393 2235 459 2290 sus
476 2209 655 2286 infantem
683 2205 731 2282 ad
758 2205 939 2282 nutrioem
966 2205 1007 2282 iu
1034 2228 1165 2283 manus
1184 2209 1286 2305 ejus,
1315 2217 1353 2284 et
1372 2211 1509 2287 nntrioi

393 2338 494 2416 dedit
520 2342 667 2414 eentum
694 2353 829 2409 aureos
857 2330 1048 2409 florenos:
1072 2335 1149 2430 „Vt
1174 2355 1258 2410 ourn
1286 2334 1356 2413 hoo
1381 2337 1510 2416 foueat

393 2465 573 2542 infantem
599 2459 728 2538 fratris
755 2459 829 2536 mei
856 2457 1018 2538 Joannis
1045 2457 1180 2558 Regis3
1218 2463 1396 2565 deinoeps
1423 2467 1511 2564 plus

394 2591 502 2687 dabo,
521 2585 711 2667 solnmodo
729 2586 820 2662 mihi
839 2587 1081 2685 suplieobis.“
1104 2587 1155 2666 Et
1172 2591 1338 2688 portauit
1356 2588 1437 2696 ¹¹⁰·i
1462 2593 1511 2670 ad

394 2741 519 2796 areenn
536 2737 691 2816 puerum
708 2711 844 2792 nuoix.

715 2989 1047 3109 (corrnerunt
1080 3003 1180 3111 ov).

502 3223 595 3302 Inde
621 3225 697 3304 tria
723 3224 828 3301 milia
854 3223 1001 3324 pedites
1038 3221 1191 3302 Cosanis
1224 3225 1303 3324 apti
1330 3234 1440 3304 erant
1466 3227 1514 3304 ad

398 3349 657 3454 pugnandum,
687 3359 726 3427 et
749 3351 975 3428 festinarunt
999 3351 1048 3426 ad
1074 3350 1250 3452 impetum
1277 3353 1448 3430 fecerunt
1466 3353 1514 3429 ad

398 3485 546 3580 portam
564 3477 750 3556 Budensis
768 3479 945 3556 ciuitatis.
965 3477 1017 3553 Et
1034 3499 1121 3554 mox
1137 3477 1340 3576 Hungaros
1350 3479 1516 3580 deporta

399 3605 562 3684 ciuitatis
597 3605 744 3704 pedites
781 3611 1017 3682 extruserunt
1053 3627 1136 3682 eum
1170 3605 1306 3684 ictibus
1340 3607 1514 3707 copiosis.

399 3733 496 3812 Ouru
519 3735 599 3832 jaun
627 3732 882 3827 intrauerunt,
921 3741 1100 3831 oeperunt
1122 3755 1191 3834 per
1218 3733 1322 3811 vioos
1350 3733 1517 3811 ciuitatis

401 3860 587 3938 Budensis
614 3881 784 3954 currere,
812 3882 859 3934 ao
876 3865 1066 3954 satutare,
1095 3858 1247 3956 quodsi
1266 3860 1395 3957 aliqua
1422 3883 1517 3958 gena
1590 3855 1594 3862 '

401 3997 502 4068 esset
527 3985 701 4066 ordinata
718 3987 768 4063 ad
785 3987 1025 4085 pugnandum
1053 3995 1183 4064 eontra
1209 4007 1284 4066 eos.
1314 3985 1437 4081 Quum
1461 3989 1518 4064 vi·

402 4111 544 4194 dissent
569 4121 701 4192 eontra
727 4137 793 4192 eos
819 4115 962 4190 nullum
989 4115 1220 4210 obstantem,
1249 4116 1359 4212 juxta
1388 4113 1518 4191 Sanoti

338 4229 341 4239 ⁴
403 4239 565 4338 Georgii
582 4241 748 4318 martiris
766 4247 1088 4338 congregarerant
1111 4263 1174 4337 se;
1202 4247 1240 4316 et
1266 4263 1363 4317 vnus
1387 4263 1519 4320 aseen-

403 4369 459 4446 dit
476 4369 525 4446 ad
543 4369 721 4448 ambitum
749 4369 888 4446 saeelle
917 4367 1076 4466 Georgii
1103 4369 1269 4446 martiris
1297 4375 1440 4466 asian,
1460 4369 1520 4448 in·

403 4495 506 4596 oepit
522 4495 571 4574 ad
588 4495 736 4574 rnodum
761 4495 927 4596 ipsorum
954 4496 1143 4592 exordio„
1172 4503 1211 4574 et
1232 4497 1353 4574 tribus
1370 4496 1519 4574 visibus

405 4646 487 4701 eum
506 4623 586 4700 alta
611 4645 703 4701 vooe
732 4625 973 4700 clamabant:
998 4623 1159 4721 „Hella,
1189 4623 1296 4700 halla
1322 4624 1436 4724 hoy.“
1468 4623 1521 4699 Et

406 4749 580 4844 Hungari
593 4749 672 4848 joun
699 4749 812 4828 taeito
837 4757 960 4828 mente
987 4750 1242 4848 admirabant,
1261 4759 1300 4828 et
1317 4751 1371 4827 nil
1389 4771 1518 4852 presu-
