3238 5228
1112 479 1191 560 318
1221 565 1224 570 .

100 679 237 776 iusuper
257 673 377 752 Laoki
388 675 603 754 ieronimus
622 677 825 788 adherebat
839 679 918 777 jam
933 679 1017 774 sibi,
1038 687 1074 754 et
1091 681 1191 756 viam

15 849 16 858 o
99 809 272 901 resumpto
284 801 406 877 animo
416 821 483 878 suo
492 804 606 880 trexit
614 825 697 881 sese
706 827 774 902 per
783 803 1129 882 Transsilwaniam.
1142 807 1192 882 Et

101 929 159 1022 lio,
178 929 274 1026 quod
294 929 469 1006 sentisset
487 929 580 1026 Rex,
601 930 698 1028 quod
706 931 806 1006 viam
817 932 999 1009 erexisset
1011 929 1188 1035 sibi,⁹³·l⁹·

100 1053 235 1131 dolebat
261 1061 300 1130 et
326 1055 518 1130 nesoiebat
545 1077 716 1151 oausam3
742 1063 889 1132 atamen
915 1059 1085 1156 inprimis
1113 1068 1194 1136 erat

100 1184 205 1258 bonus
222 1181 261 1256 in
279 1180 507 1258 humanitate
526 1205 605 1260 sua.
628 1184 712 1280 Ego
722 1185 893 1260 intellexi
913 1205 1075 1278 oausam,
1096 1185 1195 1282 quod

102 1307 230 1384 demum
259 1318 386 1386 eontra
414 1309 668 1413 Regiestatem
686 1311 801 1388 Suam
831 1311 901 1389 erit
919 1312 1082 1408 demum,
1106 1313 1195 1409 quia

96 1439 342 1535 jrmdominus
360 1442 587 1536 gubernator
599 1438 793 1538 Guttiper
803 1440 995 1517 eonsilium
1013 1443 1194 1517 latronum

102 1566 262 1644 reduetus
289 1577 366 1664 est,
405 1566 578 1644 videlieet
605 1589 672 1666 per
699 1567 881 1644 Joannem
909 1567 1036 1667 Doey,
1065 1575 1103 1641 et
1127 1587 1195 1665 per

103 1693 282 1772 Vrbannm
302 1695 475 1795 Battyan.
497 1692 858 1792 Qniojamdoannes
877 1693 985 1795 Dooy
1002 1701 1084 1770 erat
1096 1693 1195 1768 vioe·

102 1822 316 1916 gubernator
338 1832 423 1923 post
440 1825 579 1921 ipsum,
600 1829 638 1897 et
656 1844 829 1917 magnum
858 1821 1021 1898 habebat
1047 1819 1195 1895 manda-

102 1959 188 2044 tum3
216 1952 303 2048 qnia
327 1957 461 2029 natura
489 1957 569 2025 erat
587 1951 626 2024 in
645 1972 811 2025 sermone
828 1972 898 2025 sna
924 1947 1034 2024 valde
1052 1946 1197 2023 blandi·

15 2071 16 2078 ‘
102 2079 500 2156 mendsaoinmoribos
517 2078 797 2154 fauentissimus
817 2077 958 2152 eunetis
976 2075 1198 2185 dominosuo

102 2209 282 2286 Lodouioo
301 2206 437 2302 Gritti3
467 2208 530 2305 qui
553 2215 778 2305 postremum
796 2228 949 2282 uxorem
967 2227 1072 2280 snam
1090 2203 1198 2280 sedo·
1248 2195 1250 2201 ’

101 2345 202 2414 xerat
218 2338 250 2413 ei
270 2339 309 2412 in
327 2337 433 2412 thoro
451 2357 519 2434 suo
529 2333 673 2410 domino
682 2335 932 2430 gubernatori.
953 2333 1004 2407 Et
1016 2333 1126 2407 istam
1143 2329 1199 2403 in·

100 2465 244 2542 iamiam
263 2465 452 2540 audieram
472 2464 519 2538 ab
538 2485 602 2539 ore
630 2461 788 2538 Joannis
815 2459 932 2557 Regis
951 2459 999 2534 ad
1016 2457 1114 2534 faeie
1134 2480 1199 2553 ap·

103 2599 265 2689 penelem
283 2614 351 2690 pro
370 2614 435 2684 eo,
464 2611 535 2686 que
553 2587 696 2664 demum
713 2587 904 2664 audiemus
921 2585 1067 2662 molins.

200 2721 251 2796 Et
277 2721 349 2797 iste
378 2717 548 2798 dominns
584 2712 841 2818 gubernator)
879 2723 1078 2812 antequam
1116 2713 1199 2788 dum

103 2849 215 2924 abiret
233 2848 304 2924 iter
323 2846 519 2922 aduersum
546 2845 744 2938 Turoiam,
771 2843 912 2919 fecerat
939 2837 1201 2936 congregacio·

15 3041 16 3048 Ν
105 2997 181 3050 nem
208 2997 383 3072 magnam
412 2975 449 3048 in
470 2973 573 3048 Bude
601 2973 696 3047 inter
723 2970 924 3067 Hungoros
952 2969 1148 3067 optimates
1166 2974 1203 3041 et

15 3109 16 3196 ξ
106 3101 193 3180 inter
211 3103 399 3178 nobilibus
418 3099 652 3193 comitatum,
673 3105 710 3174 et
727 3097 966 3192 ignobilibus.
987 3093 1095 3188 Quod
1104 3117 1202 3170 enm·

15 3239 16 3242 ‘
106 3251 169 3325 que
186 3229 389 3322 venissent,
409 3229 530 3303 looum
548 3224 875 3323 deputarerantin
893 3224 1056 3299 elaustro
1075 3221 1203 3296 Sancti

105 3355 256 3432 loannis
285 3354 440 3430 Batiste.
471 3353 522 3427 Et
548 3353 645 3428 inter
672 3351 946 3447 regnicolarum
974 3351 1147 3444 intrauit,
1167 3356 1234 3443 et,

106 3503 178 3558 oum
196 3505 241 3557 eo
261 3482 571 3576 vioegubernotor
599 3479 707 3579 Dooy
726 3478 857 3555 Janns.
887 3476 1063 3573 Erigerat
1088 3497 1130 3551 se
1148 3475 1203 3550 in·

105 3617 154 3683 tor
186 3607 460 3704 regnieolarum
496 3603 712 3701 Hongarie‚
752 3611 788 3679 et
822 3603 969 3679 dicebat
995 3601 1204 3701 opinionem

105 3737 296 3829 mansio,
325 3758 370 3809 ao
389 3734 610 3810 desiderium
630 3733 828 3810 cordis-sni
850 3761 858 3805 :
883 3731 1043 3829 „Audiet
1060 3729 1208 3806 dileoei·

15 3935 16 3940 r
107 3885 188 3940 ones
206 3869 369 3956 vestras,
390 3860 524 3936 videtis
542 3869 705 3935 vestrum
724 3859 763 3934 in
783 3859 861 3934 dies
879 3857 1083 3956 perieulum
1101 3855 1205 3930 veni·
1279 3921 1283 3930 ,

108 3997 220 4068 entem
240 4011 351 4087 super
369 4010 438 4063 vos
456 4009 585 4063 seorso
605 3995 641 4062 et
659 3986 804 4062 deorse.
825 3985 909 4082 Ego
927 3990 1067 4059 tantam
1086 3982 1206 4058 babeo

108 4116 271 4194 virtutem
299 4113 473 4212 pelestati
502 4135 604 4207 mee,
634 4112 732 4210 qnod
755 4111 805 4187 ad
820 4113 982 4186 futuram
1001 4109 1083 4185 Deo
1103 4108 1207 4183 adiu·

15 4317 17 4346 ,
108 4264 184 4320 uon.
205 4242 380 4320 edomare
397 4263 547 4338 possum
567 4263 643 4317 eos.
663 4241 844 4339 Preeipue
861 4238 1007 4336 quidem
1032 4235 1209 4313 Cesarem

15 4359 16 4414 ³
109 4368 309 4448 Tmoarum
327 4368 472 4463 leniter,
493 4369 667 4465 quamdiu
683 4368 795 4456 viret,
817 4373 854 4440 et
871 4372 1008 4462 regnet
1025 4385 1105 4439 oum
1123 4361 1210 4440 filiis

15 4473 16 4532 Ψ
110 4499 200 4592 sois,
221 4504 360 4596 etpost
385 4493 577 4572 decessum
606 4517 731 4571 eorum
760 4493 863 4568 eritis
890 4495 928 4567 in
947 4513 1083 4588 magna
1108 4497 1208 4565 tran
1345 4519 1349 4532 ·

15 4761 19 4862 l

15 4927 22 5012 l

112 4625 300 4720 quillitete.
330 4623 430 4717 Quia
447 4623 555 4699 vobis
579 4645 652 4698 non
671 4621 743 4698 erit
761 4641 914 4696 neeesse
932 4617 1152 4712 bellieondi,
1172 4623 1210 4693 et

111 4749 262 4830 insulam
281 4751 447 4846 regionis
466 4749 680 4826 Sirmiensis
703 4747 918 4824 deliberabo
938 4745 1054 4822 vobis.
1076 4743 1128 4821 Et
1146 4743 1207 4818 de-
