3260 5226
391 487 470 568 348

386 689 466 784 jam
484 687 702 764 nesciebant
720 687 920 784 quidquam
948 689 1095 782 faeere3
1125 689 1187 784 qui
1218 695 1343 762 autem
1372 689 1503 764 saltum

352 815 550 924 decorat,
579 815 643 912 qui
672 821 796 889 autem
824 814 1015 891 residebat
1041 814 1080 888 iu
1107 815 1192 891 loeo
1211 837 1291 892 suo.
1322 811 1422 904 Quia
1438 814 1505 890 iste

391 939 595 1018 monachus
621 949 699 1017 tam
737 940 927 1018 deelinare
963 942 1105 1016 feeerat
1141 940 1286 1038 Regem
1321 940 1423 1016 eirea
1454 965 1505 1018 se.

393 1065 544 1162 quodsi
564 1066 723 1144 dixisset
741 1068 813 1144 sibi
833 1095 842 1142 ε
867 1067 949 1164 ,Ne
969 1065 1143 1144 eomedas
1161 1067 1282 1143 tribus
1301 1049 1453 1160 diebus,
1471 1075 1509 1142 et

390 1191 510 1270 tribus
528 1194 744 1290 noctibus;“
768 1194 989 1271 credidisset
1014 1193 1098 1270 sibi.
1125 1192 1186 1268 Ad
1214 1193 1382 1288 quintum
1411 1192 1506 1268 deei-

391 1341 488 1395 mum
508 1319 606 1396 diem
621 1343 768 1399 rursum
788 1322 913 1398 statim
934 1321 1136 1398 diuerterat
1145 1343 1187 1396 se
1198 1317 1391 1414 Georgius
1410 1319 1506 1395 Hor·

391 1453 466 1522 wat
484 1447 533 1522 ad
552 1446 706 1522 Budam.

498 1571 572 1648 Sed
582 1595 648 1672 pre
662 1575 794 1650 timore
814 1581 1013 1669 autequam
1034 1572 1222 1668 Georgius
1241 1571 1402 1648 Horwat
1419 1571 1507 1649 iuis-

393 1704 451 1780 set
467 1695 516 1772 ad
535 1697 713 1774 'Porciam
732 1697 875 1792 Regni,
897 1697 1090 1794 Georgius
1108 1699 1225 1774 frater
1243 1697 1366 1774 timuit
1383 1699 1506 1780 valde,

400 1823 499 1920 quod
517 1823 769 1902 Horwatones
787 1847 861 1900 non
881 1833 1009 1900 essent
1021 1828 1194 1922 juxtase,
1215 1825 1282 1901 sed
1301 1826 1406 1901 solus
1424 1847 1507 1922 per·

394 1957 574 2026 manaret.
604 1951 694 2028 Mox
713 1951 840 2047 aliquo
860 1973 948 2026 easu
968 1951 1013 2026 de
1034 1951 1141 2026 Buda
1159 1958 1395 2050 surrepserat
1412 1953 1507 2026 elam

391 2075 440 2152 ad
458 2077 711 2173 Varadinum,
742 2085 779 2153 et
806 2079 908 2154 fama
934 2077 1044 2154 valde
1073 2079 1226 2174 vigebat
1253 2079 1349 2154 inter
1374 2079 1506 2174 wlgos,

392 2201 490 2300 quod
509 2203 713 2280 monaebus
742 2205 877 2279 saltum
905 2205 1069 2282 fecisset.
1101 2207 1152 2280 Et
1179 2205 1332 2280 anulum
1351 2225 1508 2303 paruum

391 2329 555 2406 babebat
572 2330 655 2408 Rex
674 2332 713 2406 iu
732 2339 877 2408 serrato
896 2331 1108 2408 Turoarum
1127 2330 1302 2426 Cesaris,
1323 2339 1401 2406 ete
1420 2353 1507 2406 oon-

392 2475 501 2534 uerso
530 2457 697 2536 habebut
730 2455 849 2535 Cesar
878 2458 1086 2534 Turearom
1124 2458 1259 2535 Zoltan
1297 2455 1508 2534 Solimanus

391 2605 548 2681 paruum
567 2585 718 2660 anulum
738 2583 899 2660 Joannis
918 2584 1058 2681 Regis3
1078 2585 1117 2660 iu
1135 2585 1255 2660 vioem
1275 2591 1510 2660 mutauerant

379 2733 488 2788 osus
507 2711 556 2786 ad
575 2713 734 2788 alterum
753 2711 970 2806 signaculas
988 2735 1088 2806 suas,
1101 2709 1172 2813 (ut)
1186 2710 1334 2807 quaudo
1353 2733 1509 2786 neeesse

392 2843 493 2914 esset
510 2837 610 2934 Regi
628 2838 654 2916 J
656 2838 810 2933 oannis,
840 2845 977 2914 extunc
995 2841 1063 2916 sub
1082 2862 1201 2937 paruo
1220 2839 1334 2934 sigilo
1354 2835 1510 2913 Cesaris

392 2965 573 3042 seriberet
591 2972 737 3042 secreta
756 2985 825 3040 soa
844 2964 928 3040 Rex
947 2965 973 3042 J
975 2987 1128 3042 oannes.
1154 2965 1381 3056 Monachus,
1411 2962 1510 3060 quod

392 3091 467 3166 ista
484 3091 660 3168 senuisset
677 3097 768 3189 aput
785 3091 948 3186 Regem,
977 3099 1160 3168 secretum
1184 3091 1350 3187 sigillum
1369 3113 1509 3186 magno

392 3216 514 3292 studio
533 3239 644 3315 seper
674 3239 798 3294 ueram
817 3219 1006 3315 aeoipiens
1031 3241 1098 3316 per
1116 3217 1386 3296 eubieolarium
1407 3217 1511 3294 Boua

394 3343 545 3420 Beuebe
573 3343 731 3440 figuram
760 3345 898 3440 sigilli,
928 3353 965 3420 et
992 3345 1116 3422 statim
1145 3347 1184 3420 in
1203 3369 1294 3422 auro
1313 3367 1408 3443 puro
1427 3365 1508 3420 oum

393 3471 585 3550 aurifabro
597 3471 724 3548 Blasio
736 3471 900 3549 Budensi
920 3473 1100 3568 magistro
1119 3474 1261 3550 iecerat
1279 3472 1509 3569 soulptarum

393 3597 588 3674 admodum
608 3599 776 3697 preeise,
806 3599 903 3696 quod
922 3601 1027 3676 nulla
1046 3600 1245 3676 diierentia
1264 3621 1312 3674 ue
1332 3605 1437 3674 esset
1454 3597 1509 3672 in·

394 3731 452 3802 ter
470 3725 639 3822 sigillum
668 3723 824 3802 Oesaris
851 3726 971 3824 parui.
1001 3726 1123 3819 Quum
1145 3729 1226 3824 jam
1244 3725 1376 3802 habuit
1393 3723 1511 3800 male·

393 3849 514 3928 diotus
533 3851 756 3946 monachus,
777 3874 852 3926 uon
869 3853 1092 3958 pauefactus
1118 3854 1259 3946 iuerat,
1288 3851 1386 3928 siout
1403 3857 1511 3926 aute·

394 4001 525 4076 quam;
554 3979 608 4056 ita
634 3979 734 4076 quod
751 3976 895 4091 Regem
913 3981 953 4054 iu
972 3980 1114 4057 sooium
1134 3977 1353 4078 aeeipiebat.
1374 3977 1509 4054 Nesei·

394 4129 478 4184 mos
495 4107 530 4183 si
548 4106 785 4184 eoniraoerat
802 4129 870 4203 per
894 4105 1094 4184 Orouakas
1122 4129 1227 4186 sores
1252 4127 1342 4182 suas
1359 4111 1426 4180 aut
1443 4127 1513 4202 per

393 4235 513 4328 alias,
542 4256 616 4310 non
642 4232 936 4328 admirabamur,
966 4241 1008 4310 vt
1025 4235 1171 4310 demum
1190 4233 1236 4309 de
1254 4233 1335 4310 dies
1353 4231 1392 4308 iu
1411 4231 1510 4308 diem

393 4361 688 4438 effeminabatur.
709 4359 809 4451 Quia
825 4360 930 4437 Bora
942 4361 1184 4438 Benediomm
1202 4361 1274 4437 iste
1293 4359 1411 4434 irater
1431 4353 1510 4434 Ge·

391 4487 520 4585 orgius
539 4487 650 4564 valde
667 4487 821 4564 fauebat
847 4486 937 4590 sibi,
958 4488 1056 4584 quod
1075 4487 1150 4566 sibi
1169 4485 1337 4564 truderat
1356 4483 1509 4560 anulum

391 4615 546 4696 Cereris
564 4615 613 4692 ad
631 4615 776 4694 libitum
796 4637 914 4693 suum.

495 4743 583 4823 Jam
602 4751 683 4818 erat
702 4744 905 4820 monachus
924 4745 962 4820 iu
981 4744 1194 4839 Varedino,
1226 4751 1264 4820 et
1282 4747 1412 4819 eontra
1431 4739 1505 4816 Re·
