3260 5226
1157 473 1237 554 ala

116 670 310 746 venissent
327 669 376 743 ad
394 670 515 746 locum
531 671 611 766 jam
630 669 848 744 numeratim
867 677 1010 746 tantum
1030 679 1115 748 octo
1134 674 1235 752 ciues

113 794 160 870 ad
190 793 417 882 claustrum,
447 815 568 882 nonus
595 815 669 870 non
698 793 833 888 nauit,
873 817 1007 872 nomeu
1045 795 1237 896 Georgius

114 920 256 1015 Zechi3
284 921 348 1018 qui
376 920 457 1019 ipse
486 919 634 996 dicebat
661 919 749 996 aliis
776 920 957 997 fratribus
974 922 1074 1020 suis,
1102 930 1144 1000 vt
1161 948 1236 1004 nou

114 1048 312 1129 intrarent.
346 1046 469 1144 „Quia
496 1048 578 1157 ipse
606 1054 664 1123 cst
692 1047 730 1122 in
757 1047 841 1142 uio,
873 1055 910 1122 et
928 1057 1062 1148 captos
1079 1050 1151 1126 luit
1168 1074 1237 1150 per

115 1173 261 1272 Regem
297 1174 496 1252 doannem.
540 1173 738 1251 Nescimus
767 1173 855 1271 quid
883 1182 1019 1272 pensat
1045 1177 1084 1252 in
1112 1177 1236 1272 corde,

117 1322 344 1397 qumquam
364 1303 436 1376 mel
462 1299 628 1400 procedit
645 1300 691 1376 de
711 1323 787 1376 ore.
818 1299 965 1378 Forsan
992 1304 1158 1402 repletus
1177 1309 1236 1381 est

116 1449 199 1502 oum
219 1448 366 1503 veneno
385 1426 576 1504 iracundie
594 1426 775 1504 aduersus
793 1426 956 1532 Regem,
977 1435 1015 1504 et
1033 1449 1147 1529 super
1165 1451 1234 1508 uos
1295 1431 1300 1452 '

118 1553 186 1628 wit
213 1575 320 1627 suam
348 1553 544 1650 penuriam
572 1553 754 1651 expleri.“
788 1551 998 1650 Georgius,
1028 1555 1128 1652 quod
1146 1555 1239 1632 vidit

119 1679 214 1756 socii
243 1681 300 1756 sui
338 1680 442 1756 ciues
478 1679 612 1759 intran.
643 1679 690 1752 ad
718 1681 943 1778 claustrum,
973 1681 1060 1758 iude
1088 1681 1236 1780 quidem

118 1816 205 1884 erat
230 1817 396 1906 promtus
423 1807 545 1882 anki
573 1808 791 1885 Jcronimus
819 1832 902 1885 cum
930 1817 1013 1887 octo
1033 1809 1238 1908 quadrigas

118 1935 223 2034 pleni
243 1957 326 2010 cum
344 1935 488 2012 viribus
506 1933 677 2029 robustis,
700 1934 890 2031 Georgius
901 1958 944 2012 se
953 1936 1126 2014 senciens
1139 1938 1238 2014 clam

119 2065 195 2138 cito
214 2063 421 2162 surripiens
432 2084 517 2138 sese
536 2085 604 2160 per
623 2061 955 2158 quadricamsuam
965 2041 1235 2165 ed'ca(m)pum

122 2189 329 2289 hospicium
348 2191 602 2266 bubulcorum.

230 2317 322 2392 Inde
352 2325 453 2415 ipsos
481 2317 585 2394 ciues
608 2317 725 2414 Jussit
742 2315 791 2392 nd
810 2315 1018 2415 hospicium
1037 2338 1144 2393 suum
1162 2317 1238 2394 irc:

128 2441 261 2539 „Quia
280 2443 448 2520 dominus
477 2443 600 2520 Lacki
620 2449 832 2540 egrotum,
853 2465 927 2518 non
953 2443 1073 2540 possit
1099 2443 1241 2537 venire,

120 2570 204 2646 ideo
222 2571 276 2647 ibi
294 2571 490 2646 veniatis.“
524 2568 621 2662 Quia
640 2571 795 2654 timebat
814 2567 936 2645 Laoki
955 2568 1173 2647 Jeronimus
1192 2569 1239 2646 de

121 2696 334 2792 monachis,
364 2697 461 2794 quod
490 2697 710 2796 expedirent
738 2719 804 2772 cos
834 2697 938 2774 ciues
967 2696 1140 2772 monachi
1163 2696 1239 2772 for·

122 2847 201 2900 san.
232 2823 282 2899 Et
304 2845 385 2900 oum
414 2823 608 2902 venissent
625 2824 674 2900 ud
692 2823 901 2923 hospicium
920 2845 1049 2918 suum,
1078 2823 1239 2923 impera·

122 2951 269 3046 nibeis,
299 2957 340 3024 vt
366 2951 612 3028 ascenderent
630 2951 678 3028 ad
697 2950 900 3048 quadrigas
928 2971 1023 3026 vnus
1042 2971 1139 3028 unus
1156 2973 1240 3050 pro·

123 3087 206 3179 pter
225 3080 429 3172 leuitatem,
449 3085 490 3153 vt
509 3079 630 3177 ipsum
649 3081 893 3178 explorarent
901 3099 1021 3176 usquc
1036 3077 1084 3152 ad
1092 3075 1240 3169 vadum,

123 3213 160 3281 et
186 3230 274 3282 mox
302 3212 505 3284 retrorsum
545 3205 721 3282 venirent
752 3205 800 3280 ad
828 3203 1067 3282 Debrechen.
1108 3203 1160 3280 Et
1187 3203 1239 3280 ibi

124 3336 337 3412 consuleret
364 3358 450 3429 eos,
475 3336 605 3431 inquo
633 3333 768 3410 debent
795 3353 1037 3431 permanere,
1058 3337 1096 3408 et
1112 3337 1240 3408 tenere

124 3487 162 3540 sc
190 3464 296 3562 ipsos
323 3462 489 3556 demum;
518 3461 606 3558 quia
634 3461 803 3540 loannes
831 3458 914 3534 Rex
943 3460 1009 3534 ult
1036 3479 1151 3557 super
1175 3481 1242 3536 eos

125 3610 274 3668 censum
302 3589 453 3666 habere.
487 3589 594 3684 „Ego
615 3586 764 3685 quidem
783 3587 891 3680 nolo,
917 3594 957 3660 vt
975 3609 1043 3663 vos
1062 3583 1237 3662 daretis.“

125 3717 201 3818 Ipsi
220 3716 325 3793 ciues
344 3737 501 3812 comque
520 3715 692 3792 audirent
711 3715 785 3792 ists
804 3715 932 3808 verba,
953 3712 1064 3790 flexis
1082 3711 1242 3810 genibus

125 3844 272 3924 domino
300 3841 423 3920 Lecki
450 3843 731 3934 salutauerunt,
761 3848 799 3916 et
826 3837 937 3916 valde
956 3839 1243 3936 gratulabantur

125 3974 169 4048 ci.
209 3970 263 4046 Et
290 3969 392 4046 ciues
430 3969 550 4068 ipsum
590 3971 921 4044 remunerauerant
948 3985 1029 4040 eum
1057 3985 1141 4040 cum
1167 3971 1241 4042 vno

125 4119 239 4196 equo,
260 4102 398 4172 etcum
417 4115 491 4171 vno
519 4093 643 4194 cypho
671 4091 863 4169 deaurato.
893 4091 944 4168 Et
971 4092 1045 4192 ipsi
1064 4091 1240 4168 ascende·

122 4231 207 4300 runt
226 4222 276 4300 ad
295 4227 398 4298 loebe·
418 4224 511 4320 ejus,
532 4227 570 4298 et
588 4244 671 4297 mox
691 4227 932 4298 cucurrerunt
949 4241 1084 4298 versus
1102 4217 1241 4298 vudum

125 4351 261 4428 Thicie
289 4358 376 4426 ante
394 4349 560 4448 Thokaj.
591 4349 643 4424 Et
660 4347 747 4426 iude
760 4349 839 4446 jam
866 4347 1144 4426 intellexissent
1161 4367 1240 4426 ros·

126 4477 279 4580 publice
307 4474 670 4571 Debrecheuiensis,
698 4473 797 4572 quod
823 4497 897 4552 non
926 4474 1144 4552 debuissent
1169 4471 1243 4553 hoc
1285 4578 1296 4590 ,

125 4608 252 4686 facere
272 4603 420 4686 ciuibus
448 4605 572 4704 ipsum
599 4603 818 4703 explorare3
845 4602 935 4700 quio
952 4603 1051 4680 tales
1069 4607 1178 4680 erunt
1193 4623 1241 4680 ex

126 4737 201 4830 eis,
232 4731 333 4832 quod
360 4753 545 4830 nunquam
574 4735 754 4808 venturus
784 4729 857 4809 erit
884 4729 934 4808 cd
959 4727 1109 4808 domum
1136 4749 1242 4806 suam
