<?xml version="1.0" encoding="UTF-8"?>
<!DOCTYPE html PUBLIC "-//W3C//DTD XHTML 1.0 Transitional//EN"
    "http://www.w3.org/TR/xhtml1/DTD/xhtml1-transitional.dtd">
<html xmlns="http://www.w3.org/1999/xhtml" xml:lang="en" lang="en">
 <head>
  <title>
</title>
<meta http-equiv="Content-Type" content="text/html;charset=utf-8" />
  <meta name='ocr-system' content='tesseract 3.04.00' />
  <meta name='ocr-capabilities' content='ocr_page ocr_carea ocr_par ocr_line ocrx_word'/>
</head>
<body>
  <div class='ocr_page' id='page_1' title='image "./emlkiratamagyar00wenzgoog_0439.png"; bbox 0 0 3260 5226; ppageno 0'>
   <div class='ocr_carea' id='block_1_1' title="bbox 402 560 525 666">
    <p class='ocr_par' dir='ltr' id='par_1_1' title="bbox 402 560 525 666">
     <span class='ocr_line' id='line_1_1' title="bbox 402 560 525 666; baseline -0.016 -27"><span class='ocrx_word' id='word_1_1' title='bbox 402 560 479 639; x_wconf 83' lang='lat'>392</span> <span class='ocrx_word' id='word_1_2' title='bbox 522 655 525 666; x_wconf 22' lang='lat'><strong>¹</strong></span> 
     </span>
    </p>
   </div>
   <div class='ocr_carea' id='block_1_2' title="bbox 400 757 1522 2126">
    <p class='ocr_par' dir='ltr' id='par_1_2' title="bbox 400 757 1522 2126">
     <span class='ocr_line' id='line_1_2' title="bbox 402 757 1521 862; baseline -0.002 -26"><span class='ocrx_word' id='word_1_3' title='bbox 402 765 575 862; x_wconf 83' lang='lat' dir='ltr'>poterant</span> <span class='ocrx_word' id='word_1_4' title='bbox 602 757 813 850; x_wconf 89' lang='lat' dir='ltr'>ambulare,</span> <span class='ocrx_word' id='word_1_5' title='bbox 848 779 917 833; x_wconf 93' lang='lat' dir='ltr'>nee</span> <span class='ocrx_word' id='word_1_6' title='bbox 944 780 1096 854; x_wconf 87' lang='lat' dir='ltr'>passum</span> <span class='ocrx_word' id='word_1_7' title='bbox 1126 759 1238 833; x_wconf 87' lang='lat' dir='ltr'>abere</span> <span class='ocrx_word' id='word_1_8' title='bbox 1266 765 1444 856; x_wconf 89' lang='lat' dir='ltr'>poterant</span> <span class='ocrx_word' id='word_1_9' title='bbox 1473 759 1521 834; x_wconf 88' lang='lat' dir='ltr'>ad</span> 
     </span>
     <span class='ocr_line' id='line_1_3' title="bbox 401 883 1521 982; baseline -0.004 -18"><span class='ocrx_word' id='word_1_10' title='bbox 401 897 550 965; x_wconf 87' lang='lat' dir='ltr'>terram.</span> <span class='ocrx_word' id='word_1_11' title='bbox 571 885 631 962; x_wconf 89' lang='lat' dir='ltr'>Ita</span> <span class='ocrx_word' id='word_1_12' title='bbox 650 885 822 982; x_wconf 90' lang='lat' dir='ltr'>Hungari</span> <span class='ocrx_word' id='word_1_13' title='bbox 841 883 1019 960; x_wconf 78' lang='lat' dir='ltr'>miliciam</span> <span class='ocrx_word' id='word_1_14' title='bbox 1035 885 1234 960; x_wconf 82' lang='lat' dir='ltr'>maximam</span> <span class='ocrx_word' id='word_1_15' title='bbox 1253 885 1521 980; x_wconf 82' lang='lat' dir='ltr'>sathagebant,</span> 
     </span>
     <span class='ocr_line' id='line_1_4' title="bbox 402 1009 1522 1112; baseline -0.004 -21"><span class='ocrx_word' id='word_1_16' title='bbox 402 1013 468 1091; x_wconf 87' lang='lat' dir='ltr'>sed</span> <span class='ocrx_word' id='word_1_17' title='bbox 485 1037 579 1112; x_wconf 89' lang='lat' dir='ltr'>gens</span> <span class='ocrx_word' id='word_1_18' title='bbox 589 1013 702 1090; x_wconf 86' lang='lat' dir='ltr'>Talia</span> <span class='ocrx_word' id='word_1_19' title='bbox 721 1020 758 1085; x_wconf 92' lang='lat' dir='ltr'>et</span> <span class='ocrx_word' id='word_1_20' title='bbox 778 1009 970 1088; x_wconf 85' lang='lat' dir='ltr'>Germana</span> <span class='ocrx_word' id='word_1_21' title='bbox 988 1011 1146 1087; x_wconf 82' lang='lat' dir='ltr'>formido</span> <span class='ocrx_word' id='word_1_22' title='bbox 1167 1011 1277 1087; x_wconf 89' lang='lat' dir='ltr'>corde</span> <span class='ocrx_word' id='word_1_23' title='bbox 1297 1011 1456 1088; x_wconf 88' lang='lat' dir='ltr'>abibant</span> <span class='ocrx_word' id='word_1_24' title='bbox 1473 1012 1522 1086; x_wconf 92' lang='lat' dir='ltr'>ad</span> 
     </span>
     <span class='ocr_line' id='line_1_5' title="bbox 401 1137 1521 1235; baseline -0.002 -19"><span class='ocrx_word' id='word_1_25' title='bbox 401 1139 680 1216; x_wconf 87' lang='lat' dir='ltr'>conflicoionem</span> <span class='ocrx_word' id='word_1_26' title='bbox 699 1161 791 1234; x_wconf 89' lang='lat' dir='ltr'>erga</span> <span class='ocrx_word' id='word_1_27' title='bbox 815 1137 980 1235; x_wconf 88' lang='lat' dir='ltr'>Turcos,</span> <span class='ocrx_word' id='word_1_28' title='bbox 1010 1139 1063 1213; x_wconf 88' lang='lat' dir='ltr'>ita</span> <span class='ocrx_word' id='word_1_29' title='bbox 1090 1139 1188 1235; x_wconf 87' lang='lat' dir='ltr'>qnod</span> <span class='ocrx_word' id='word_1_30' title='bbox 1216 1137 1390 1234; x_wconf 88' lang='lat' dir='ltr'>Hungari</span> <span class='ocrx_word' id='word_1_31' title='bbox 1411 1145 1521 1215; x_wconf 88' lang='lat' dir='ltr'>nocte</span> 
     </span>
     <span class='ocr_line' id='line_1_6' title="bbox 402 1263 1521 1364; baseline -0.001 -22"><span class='ocrx_word' id='word_1_32' title='bbox 402 1267 588 1344; x_wconf 86' lang='lat' dir='ltr'>cadauera</span> <span class='ocrx_word' id='word_1_33' title='bbox 617 1263 881 1364; x_wconf 79' lang='lat' dir='ltr'>expromebant</span> <span class='ocrx_word' id='word_1_34' title='bbox 910 1264 954 1339; x_wconf 91' lang='lat' dir='ltr'>de</span> <span class='ocrx_word' id='word_1_35' title='bbox 983 1288 1120 1360; x_wconf 92' lang='lat' dir='ltr'>magna</span> <span class='ocrx_word' id='word_1_36' title='bbox 1147 1265 1371 1360; x_wconf 86' lang='lat' dir='ltr'>bombarda;</span> <span class='ocrx_word' id='word_1_37' title='bbox 1411 1275 1521 1362; x_wconf 89' lang='lat' dir='ltr'>qnat-</span> 
     </span>
     <span class='ocr_line' id='line_1_7' title="bbox 401 1393 1521 1492; baseline -0.004 -20"><span class='ocrx_word' id='word_1_38' title='bbox 401 1403 495 1490; x_wconf 89' lang='lat' dir='ltr'>tuor,</span> <span class='ocrx_word' id='word_1_39' title='bbox 516 1400 613 1488; x_wconf 87' lang='lat' dir='ltr'>tres,</span> <span class='ocrx_word' id='word_1_40' title='bbox 635 1393 797 1492; x_wconf 90' lang='lat' dir='ltr'>quinque</span> <span class='ocrx_word' id='word_1_41' title='bbox 815 1393 1062 1491; x_wconf 88' lang='lat' dir='ltr'>inponebant,</span> <span class='ocrx_word' id='word_1_42' title='bbox 1083 1393 1192 1468; x_wconf 88' lang='lat' dir='ltr'>etsie</span> <span class='ocrx_word' id='word_1_43' title='bbox 1211 1399 1317 1470; x_wconf 86' lang='lat' dir='ltr'>extra</span> <span class='ocrx_word' id='word_1_44' title='bbox 1336 1395 1521 1470; x_wconf 79' lang='lat' dir='ltr'>assabant</span> 
     </span>
     <span class='ocr_line' id='line_1_8' title="bbox 401 1519 1518 1618; baseline -0.003 -20"><span class='ocrx_word' id='word_1_45' title='bbox 401 1545 483 1616; x_wconf 72' lang='lat' dir='ltr'>eos,</span> <span class='ocrx_word' id='word_1_46' title='bbox 512 1521 564 1596; x_wconf 88' lang='lat' dir='ltr'>ita</span> <span class='ocrx_word' id='word_1_47' title='bbox 592 1519 706 1614; x_wconf 89' lang='lat' dir='ltr'>adeo,</span> <span class='ocrx_word' id='word_1_48' title='bbox 737 1519 835 1615; x_wconf 90' lang='lat' dir='ltr'>quod</span> <span class='ocrx_word' id='word_1_49' title='bbox 862 1519 987 1594; x_wconf 87' lang='lat' dir='ltr'>decem</span> <span class='ocrx_word' id='word_1_50' title='bbox 1013 1519 1145 1596; x_wconf 90' lang='lat' dir='ltr'>diebus</span> <span class='ocrx_word' id='word_1_51' title='bbox 1163 1520 1356 1596; x_wconf 89' lang='lat' dir='ltr'>irruebant</span> <span class='ocrx_word' id='word_1_52' title='bbox 1373 1521 1518 1618; x_wconf 84' lang='lat' dir='ltr'>pagani</span> 
     </span>
     <span class='ocr_line' id='line_1_9' title="bbox 400 1645 1519 1747; baseline -0.003 -22"><span class='ocrx_word' id='word_1_53' title='bbox 400 1670 512 1747; x_wconf 91' lang='lat' dir='ltr'>super</span> <span class='ocrx_word' id='word_1_54' title='bbox 540 1645 777 1723; x_wconf 79' lang='lat' dir='ltr'>Christianos</span> <span class='ocrx_word' id='word_1_55' title='bbox 813 1647 1029 1723; x_wconf 88' lang='lat' dir='ltr'>suburbium</span> <span class='ocrx_word' id='word_1_56' title='bbox 1067 1647 1233 1724; x_wconf 88' lang='lat' dir='ltr'>ciuitatis</span> <span class='ocrx_word' id='word_1_57' title='bbox 1261 1645 1359 1723; x_wconf 83' lang='lat' dir='ltr'>Albe</span> <span class='ocrx_word' id='word_1_58' title='bbox 1389 1647 1519 1744; x_wconf 87' lang='lat' dir='ltr'>Rega-</span> 
     </span>
     <span class='ocr_line' id='line_1_10' title="bbox 401 1773 1520 1870; baseline -0.003 -17"><span class='ocrx_word' id='word_1_59' title='bbox 401 1775 504 1854; x_wconf 90' lang='lat' dir='ltr'>lium.</span> <span class='ocrx_word' id='word_1_60' title='bbox 534 1773 671 1870; x_wconf 80' lang='lat' dir='ltr'>Igitur,</span> <span class='ocrx_word' id='word_1_61' title='bbox 700 1773 837 1848; x_wconf 84' lang='lat' dir='ltr'>iratres</span> <span class='ocrx_word' id='word_1_62' title='bbox 857 1773 1097 1868; x_wconf 87' lang='lat' dir='ltr'>amatissimi,</span> <span class='ocrx_word' id='word_1_63' title='bbox 1126 1797 1200 1849; x_wconf 92' lang='lat' dir='ltr'>non</span> <span class='ocrx_word' id='word_1_64' title='bbox 1219 1780 1306 1850; x_wconf 88' lang='lat' dir='ltr'>sunt</span> <span class='ocrx_word' id='word_1_65' title='bbox 1323 1773 1520 1850; x_wconf 87' lang='lat' dir='ltr'>durabiles</span> 
     </span>
     <span class='ocr_line' id='line_1_11' title="bbox 401 1897 1518 1995; baseline -0.002 -16"><span class='ocrx_word' id='word_1_66' title='bbox 401 1903 439 1979; x_wconf 90' lang='lat' dir='ltr'>in</span> <span class='ocrx_word' id='word_1_67' title='bbox 459 1899 632 1976; x_wconf 89' lang='lat' dir='ltr'>conflictu</span> <span class='ocrx_word' id='word_1_68' title='bbox 652 1897 832 1977; x_wconf 85' lang='lat' dir='ltr'>Germani</span> <span class='ocrx_word' id='word_1_69' title='bbox 850 1907 888 1975; x_wconf 93' lang='lat' dir='ltr'>et</span> <span class='ocrx_word' id='word_1_70' title='bbox 906 1901 1079 1995; x_wconf 76' lang='lat' dir='ltr'>l&#39;alieni,</span> <span class='ocrx_word' id='word_1_71' title='bbox 1100 1901 1167 1976; x_wconf 91' lang='lat' dir='ltr'>sed</span> <span class='ocrx_word' id='word_1_72' title='bbox 1186 1902 1226 1976; x_wconf 92' lang='lat' dir='ltr'>in</span> <span class='ocrx_word' id='word_1_73' title='bbox 1243 1901 1364 1976; x_wconf 90' lang='lat' dir='ltr'>tribus</span> <span class='ocrx_word' id='word_1_74' title='bbox 1382 1900 1518 1980; x_wconf 88' lang='lat' dir='ltr'>diebus</span> 
     </span>
     <span class='ocr_line' id='line_1_12' title="bbox 401 2025 1517 2126; baseline -0.003 -21"><span class='ocrx_word' id='word_1_75' title='bbox 401 2031 495 2105; x_wconf 91' lang='lat' dir='ltr'>bene</span> <span class='ocrx_word' id='word_1_76' title='bbox 524 2032 680 2125; x_wconf 89' lang='lat' dir='ltr'>possunt</span> <span class='ocrx_word' id='word_1_77' title='bbox 706 2025 847 2102; x_wconf 86' lang='lat' dir='ltr'>habere</span> <span class='ocrx_word' id='word_1_78' title='bbox 876 2050 917 2103; x_wconf 91' lang='lat' dir='ltr'>se</span> <span class='ocrx_word' id='word_1_79' title='bbox 946 2027 1071 2126; x_wconf 89' lang='lat' dir='ltr'>ipsos;</span> <span class='ocrx_word' id='word_1_80' title='bbox 1101 2026 1168 2102; x_wconf 86' lang='lat' dir='ltr'>sed</span> <span class='ocrx_word' id='word_1_81' title='bbox 1195 2025 1368 2122; x_wconf 93' lang='lat' dir='ltr'>Hungari</span> <span class='ocrx_word' id='word_1_82' title='bbox 1405 2028 1517 2104; x_wconf 87' lang='lat' dir='ltr'>valde</span> 
     </span>
    </p>
   </div>
   <div class='ocr_carea' id='block_1_3' title="bbox 407 2151 1623 2253">
    <p class='ocr_par' dir='ltr' id='par_1_3' title="bbox 407 2151 1623 2253">
     <span class='ocr_line' id='line_1_13' title="bbox 407 2151 1623 2253; baseline 0 -21"><span class='ocrx_word' id='word_1_83' title='bbox 407 2161 494 2232; x_wconf 92' lang='lat' dir='ltr'>sunt</span> <span class='ocrx_word' id='word_1_84' title='bbox 512 2153 713 2248; x_wconf 83' lang='lat' dir='ltr'>durabiles,</span> <span class='ocrx_word' id='word_1_85' title='bbox 726 2152 953 2228; x_wconf 84' lang='lat' dir='ltr'>etTraeiani</span> <span class='ocrx_word' id='word_1_86' title='bbox 974 2151 1018 2228; x_wconf 90' lang='lat' dir='ltr'>de</span> <span class='ocrx_word' id='word_1_87' title='bbox 1038 2153 1144 2229; x_wconf 85' lang='lat' dir='ltr'>Akili</span> <span class='ocrx_word' id='word_1_88' title='bbox 1163 2176 1322 2250; x_wconf 90' lang='lat' dir='ltr'>genere;</span> <span class='ocrx_word' id='word_1_89' title='bbox 1344 2162 1380 2229; x_wconf 92' lang='lat' dir='ltr'>et</span> <span class='ocrx_word' id='word_1_90' title='bbox 1399 2177 1518 2253; x_wconf 88' lang='lat' dir='ltr'>purus</span> <span class='ocrx_word' id='word_1_91' title='bbox 1622 2249 1623 2252; x_wconf 5' lang='lat' dir='ltr'>p</span> 
     </span>
    </p>
   </div>
   <div class='ocr_carea' id='block_1_4' title="bbox 398 2281 1516 4788">
    <p class='ocr_par' dir='ltr' id='par_1_4' title="bbox 399 2281 1516 3135">
     <span class='ocr_line' id='line_1_14' title="bbox 404 2281 1516 2380; baseline -0.002 -20"><span class='ocrx_word' id='word_1_92' title='bbox 404 2282 554 2360; x_wconf 80' lang='lat' dir='ltr'>Turnus</span> <span class='ocrx_word' id='word_1_93' title='bbox 573 2281 670 2357; x_wconf 87' lang='lat' dir='ltr'>idem</span> <span class='ocrx_word' id='word_1_94' title='bbox 689 2281 888 2358; x_wconf 89' lang='lat' dir='ltr'>imbecillis</span> <span class='ocrx_word' id='word_1_95' title='bbox 907 2289 1005 2358; x_wconf 89' lang='lat' dir='ltr'>sunt.</span> <span class='ocrx_word' id='word_1_96' title='bbox 1025 2283 1076 2357; x_wconf 87' lang='lat' dir='ltr'>Et</span> <span class='ocrx_word' id='word_1_97' title='bbox 1094 2281 1267 2378; x_wconf 91' lang='lat' dir='ltr'>Hungari</span> <span class='ocrx_word' id='word_1_98' title='bbox 1280 2283 1359 2380; x_wconf 88' lang='lat' dir='ltr'>jam</span> <span class='ocrx_word' id='word_1_99' title='bbox 1369 2282 1516 2358; x_wconf 87' lang='lat' dir='ltr'>demum</span> 
     </span>
     <span class='ocr_line' id='line_1_15' title="bbox 400 2405 1513 2506; baseline 0.004 -24"><span class='ocrx_word' id='word_1_100' title='bbox 400 2407 557 2484; x_wconf 89' lang='lat' dir='ltr'>deficere</span> <span class='ocrx_word' id='word_1_101' title='bbox 586 2407 827 2505; x_wconf 88' lang='lat' dir='ltr'>incipiebant.</span> <span class='ocrx_word' id='word_1_102' title='bbox 857 2409 1031 2506; x_wconf 86' lang='lat' dir='ltr'>Precepit</span> <span class='ocrx_word' id='word_1_103' title='bbox 1058 2407 1241 2486; x_wconf 88' lang='lat' dir='ltr'>Varkooh</span> <span class='ocrx_word' id='word_1_104' title='bbox 1260 2409 1352 2484; x_wconf 92' lang='lat' dir='ltr'>belli</span> <span class='ocrx_word' id='word_1_105' title='bbox 1372 2405 1513 2504; x_wconf 89' lang='lat' dir='ltr'>ductor,</span> 
     </span>
     <span class='ocr_line' id='line_1_16' title="bbox 400 2534 1514 2632; baseline 0.005 -26"><span class='ocrx_word' id='word_1_106' title='bbox 400 2541 440 2608; x_wconf 91' lang='lat' dir='ltr'>vt</span> <span class='ocrx_word' id='word_1_107' title='bbox 458 2534 633 2632; x_wconf 90' lang='lat' dir='ltr'>Hungari</span> <span class='ocrx_word' id='word_1_108' title='bbox 651 2535 905 2628; x_wconf 90' lang='lat' dir='ltr'>comederent,</span> <span class='ocrx_word' id='word_1_109' title='bbox 927 2541 964 2609; x_wconf 89' lang='lat' dir='ltr'>et</span> <span class='ocrx_word' id='word_1_110' title='bbox 981 2536 1172 2630; x_wconf 92' lang='lat' dir='ltr'>biberent,</span> <span class='ocrx_word' id='word_1_111' title='bbox 1193 2541 1231 2610; x_wconf 90' lang='lat' dir='ltr'>et</span> <span class='ocrx_word' id='word_1_112' title='bbox 1248 2535 1345 2613; x_wconf 91' lang='lat' dir='ltr'>inter</span> <span class='ocrx_word' id='word_1_113' title='bbox 1362 2535 1433 2610; x_wconf 91' lang='lat' dir='ltr'>hec</span> <span class='ocrx_word' id='word_1_114' title='bbox 1452 2558 1514 2612; x_wconf 82' lang='lat' dir='ltr'>cu·</span> 
     </span>
     <span class='ocr_line' id='line_1_17' title="bbox 400 2662 1514 2762; baseline -0.001 -24"><span class='ocrx_word' id='word_1_115' title='bbox 400 2663 550 2758; x_wconf 84' lang='lat' dir='ltr'>berent;</span> <span class='ocrx_word' id='word_1_116' title='bbox 569 2663 663 2738; x_wconf 92' lang='lat' dir='ltr'>etin</span> <span class='ocrx_word' id='word_1_117' title='bbox 682 2667 820 2738; x_wconf 82' lang='lat' dir='ltr'>nortto</span> <span class='ocrx_word' id='word_1_118' title='bbox 840 2667 982 2738; x_wconf 83' lang='lat' dir='ltr'>starent</span> <span class='ocrx_word' id='word_1_119' title='bbox 1000 2669 1037 2736; x_wconf 90' lang='lat' dir='ltr'>et</span> <span class='ocrx_word' id='word_1_120' title='bbox 1056 2662 1259 2759; x_wconf 85' lang='lat' dir='ltr'>vigilarent</span> <span class='ocrx_word' id='word_1_121' title='bbox 1284 2685 1329 2737; x_wconf 89' lang='lat' dir='ltr'>ac</span> <span class='ocrx_word' id='word_1_122' title='bbox 1346 2663 1514 2762; x_wconf 82' lang='lat' dir='ltr'>perfeeto</span> 
     </span>
     <span class='ocr_line' id='line_1_18' title="bbox 400 2787 1513 2885; baseline 0.001 -22"><span class='ocrx_word' id='word_1_123' title='bbox 400 2789 510 2865; x_wconf 89' lang='lat' dir='ltr'>eorde</span> <span class='ocrx_word' id='word_1_124' title='bbox 529 2787 760 2864; x_wconf 88' lang='lat' dir='ltr'>dimicarent.</span> <span class='ocrx_word' id='word_1_125' title='bbox 790 2787 961 2885; x_wconf 90' lang='lat' dir='ltr'>Hungari</span> <span class='ocrx_word' id='word_1_126' title='bbox 988 2788 1164 2866; x_wconf 88' lang='lat' dir='ltr'>sederunt</span> <span class='ocrx_word' id='word_1_127' title='bbox 1182 2789 1230 2864; x_wconf 90' lang='lat' dir='ltr'>ad</span> <span class='ocrx_word' id='word_1_128' title='bbox 1249 2788 1513 2865; x_wconf 88' lang='lat' dir='ltr'>comedendum</span> 
     </span>
     <span class='ocr_line' id='line_1_19' title="bbox 400 2913 1512 3014; baseline 0.004 -26"><span class='ocrx_word' id='word_1_129' title='bbox 400 2921 438 2988; x_wconf 92' lang='lat' dir='ltr'>et</span> <span class='ocrx_word' id='word_1_130' title='bbox 455 2913 672 3008; x_wconf 91' lang='lat' dir='ltr'>bidendnm,</span> <span class='ocrx_word' id='word_1_131' title='bbox 703 2913 820 2990; x_wconf 93' lang='lat' dir='ltr'>donec</span> <span class='ocrx_word' id='word_1_132' title='bbox 840 2921 877 3010; x_wconf 90' lang='lat' dir='ltr'>et</span> <span class='ocrx_word' id='word_1_133' title='bbox 905 2915 977 3013; x_wconf 91' lang='lat' dir='ltr'>ipsi</span> <span class='ocrx_word' id='word_1_134' title='bbox 1006 2915 1131 2992; x_wconf 89' lang='lat' dir='ltr'>statim</span> <span class='ocrx_word' id='word_1_135' title='bbox 1150 2915 1199 2990; x_wconf 92' lang='lat' dir='ltr'>ad</span> <span class='ocrx_word' id='word_1_136' title='bbox 1217 2916 1394 3014; x_wconf 89' lang='lat' dir='ltr'>impetum</span> <span class='ocrx_word' id='word_1_137' title='bbox 1413 2939 1512 2992; x_wconf 82' lang='lat' dir='ltr'>ewa-</span> 
     </span>
     <span class='ocr_line' id='line_1_20' title="bbox 399 3041 689 3135; baseline -0.007 -18"><span class='ocrx_word' id='word_1_138' title='bbox 399 3048 528 3135; x_wconf 83' lang='lat' dir='ltr'>scrent</span> <span class='ocrx_word' id='word_1_139' title='bbox 545 3041 689 3116; x_wconf 91' lang='lat' dir='ltr'>iterum.</span> 
     </span>
    </p>

    <p class='ocr_par' dir='ltr' id='par_1_5' title="bbox 398 3165 1511 4788">
     <span class='ocr_line' id='line_1_21' title="bbox 506 3165 1510 3269; baseline 0.001 -25"><span class='ocrx_word' id='word_1_140' title='bbox 506 3165 626 3260; x_wconf 83' lang='lat' dir='ltr'>Quum</span> <span class='ocrx_word' id='word_1_141' title='bbox 645 3168 818 3244; x_wconf 91' lang='lat' dir='ltr'>viderunt</span> <span class='ocrx_word' id='word_1_142' title='bbox 836 3175 964 3268; x_wconf 80' lang='lat' dir='ltr'>partes</span> <span class='ocrx_word' id='word_1_143' title='bbox 983 3167 1203 3266; x_wconf 82' lang='lat' dir='ltr'>Turcarum,</span> <span class='ocrx_word' id='word_1_144' title='bbox 1224 3171 1322 3266; x_wconf 91' lang='lat' dir='ltr'>quod</span> <span class='ocrx_word' id='word_1_145' title='bbox 1327 3173 1406 3269; x_wconf 89' lang='lat' dir='ltr'>jam</span> <span class='ocrx_word' id='word_1_146' title='bbox 1426 3195 1510 3248; x_wconf 88' lang='lat' dir='ltr'>con-</span> 
     </span>
     <span class='ocr_line' id='line_1_22' title="bbox 399 3293 1509 3394; baseline 0 -22"><span class='ocrx_word' id='word_1_147' title='bbox 399 3293 518 3372; x_wconf 89' lang='lat' dir='ltr'>stituti</span> <span class='ocrx_word' id='word_1_148' title='bbox 547 3301 632 3370; x_wconf 90' lang='lat' dir='ltr'>sunt</span> <span class='ocrx_word' id='word_1_149' title='bbox 658 3318 752 3390; x_wconf 90' lang='lat' dir='ltr'>gens</span> <span class='ocrx_word' id='word_1_150' title='bbox 781 3295 906 3370; x_wconf 88' lang='lat' dir='ltr'>aliena</span> <span class='ocrx_word' id='word_1_151' title='bbox 934 3295 971 3370; x_wconf 93' lang='lat' dir='ltr'>in</span> <span class='ocrx_word' id='word_1_152' title='bbox 999 3295 1082 3372; x_wconf 89' lang='lat' dir='ltr'>loco</span> <span class='ocrx_word' id='word_1_153' title='bbox 1111 3295 1396 3394; x_wconf 87' lang='lat' dir='ltr'>Hungarorum,</span> <span class='ocrx_word' id='word_1_154' title='bbox 1427 3321 1509 3374; x_wconf 82' lang='lat' dir='ltr'>mor</span> 
     </span>
     <span class='ocr_line' id='line_1_23' title="bbox 400 3421 1511 3520; baseline 0.003 -25"><span class='ocrx_word' id='word_1_155' title='bbox 400 3429 695 3520; x_wconf 86' lang='lat' dir='ltr'>preparauerunt</span> <span class='ocrx_word' id='word_1_156' title='bbox 722 3445 807 3498; x_wconf 88' lang='lat' dir='ltr'>sese</span> <span class='ocrx_word' id='word_1_157' title='bbox 829 3421 953 3498; x_wconf 85' lang='lat' dir='ltr'>Turne</span> <span class='ocrx_word' id='word_1_158' title='bbox 980 3444 1095 3519; x_wconf 89' lang='lat' dir='ltr'>gens,</span> <span class='ocrx_word' id='word_1_159' title='bbox 1122 3428 1160 3497; x_wconf 91' lang='lat' dir='ltr'>et</span> <span class='ocrx_word' id='word_1_160' title='bbox 1179 3430 1306 3500; x_wconf 87' lang='lat' dir='ltr'>coacte</span> <span class='ocrx_word' id='word_1_161' title='bbox 1325 3425 1511 3502; x_wconf 88' lang='lat' dir='ltr'>irruerunt</span> 
     </span>
     <span class='ocr_line' id='line_1_24' title="bbox 399 3543 1510 3650; baseline 0.005 -27"><span class='ocrx_word' id='word_1_162' title='bbox 399 3553 532 3624; x_wconf 90' lang='lat' dir='ltr'>eontra</span> <span class='ocrx_word' id='word_1_163' title='bbox 561 3569 626 3624; x_wconf 88' lang='lat' dir='ltr'>eos</span> <span class='ocrx_word' id='word_1_164' title='bbox 655 3543 729 3649; x_wconf 61' lang='lat' dir='ltr'>llll</span> <span class='ocrx_word' id='word_1_165' title='bbox 764 3549 918 3646; x_wconf 90' lang='lat' dir='ltr'>occipite</span> <span class='ocrx_word' id='word_1_166' title='bbox 947 3573 1054 3644; x_wconf 89' lang='lat' dir='ltr'>ceco,</span> <span class='ocrx_word' id='word_1_167' title='bbox 1085 3557 1122 3624; x_wconf 89' lang='lat' dir='ltr'>et</span> <span class='ocrx_word' id='word_1_168' title='bbox 1148 3573 1234 3626; x_wconf 84' lang='lat' dir='ltr'>mox</span> <span class='ocrx_word' id='word_1_169' title='bbox 1263 3572 1376 3650; x_wconf 86' lang='lat' dir='ltr'>super</span> <span class='ocrx_word' id='word_1_170' title='bbox 1402 3553 1510 3628; x_wconf 85' lang='lat' dir='ltr'>dorsa</span> 
     </span>
     <span class='ocr_line' id='line_1_25' title="bbox 400 3673 1507 3771; baseline 0.003 -21"><span class='ocrx_word' id='word_1_171' title='bbox 400 3695 526 3750; x_wconf 86' lang='lat' dir='ltr'>eorum</span> <span class='ocrx_word' id='word_1_172' title='bbox 544 3673 776 3771; x_wconf 86' lang='lat' dir='ltr'>intrauerunt</span> <span class='ocrx_word' id='word_1_173' title='bbox 796 3673 843 3748; x_wconf 90' lang='lat' dir='ltr'>ad</span> <span class='ocrx_word' id='word_1_174' title='bbox 862 3677 1009 3770; x_wconf 87' lang='lat' dir='ltr'>vrbem,</span> <span class='ocrx_word' id='word_1_175' title='bbox 1039 3674 1077 3749; x_wconf 92' lang='lat' dir='ltr'>id</span> <span class='ocrx_word' id='word_1_176' title='bbox 1096 3681 1154 3752; x_wconf 90' lang='lat' dir='ltr'>est</span> <span class='ocrx_word' id='word_1_177' title='bbox 1171 3679 1304 3752; x_wconf 76' lang='lat' dir='ltr'>bostut.</span> <span class='ocrx_word' id='word_1_178' title='bbox 1335 3675 1387 3750; x_wconf 88' lang='lat' dir='ltr'>Et</span> <span class='ocrx_word' id='word_1_179' title='bbox 1405 3675 1507 3753; x_wconf 90' lang='lat' dir='ltr'>Hun-</span> 
     </span>
     <span class='ocr_line' id='line_1_26' title="bbox 399 3799 1509 3900; baseline 0.004 -24"><span class='ocrx_word' id='word_1_180' title='bbox 399 3801 503 3897; x_wconf 90' lang='lat' dir='ltr'>gari,</span> <span class='ocrx_word' id='word_1_181' title='bbox 533 3801 632 3900; x_wconf 91' lang='lat' dir='ltr'>qnod</span> <span class='ocrx_word' id='word_1_182' title='bbox 650 3799 796 3878; x_wconf 92' lang='lat' dir='ltr'>audien.</span> <span class='ocrx_word' id='word_1_183' title='bbox 816 3803 970 3898; x_wconf 88' lang='lat' dir='ltr'>armati,</span> <span class='ocrx_word' id='word_1_184' title='bbox 1000 3803 1168 3898; x_wconf 88' lang='lat' dir='ltr'>loricati,</span> <span class='ocrx_word' id='word_1_185' title='bbox 1198 3803 1340 3900; x_wconf 86' lang='lat' dir='ltr'>galeati</span> <span class='ocrx_word' id='word_1_186' title='bbox 1359 3805 1408 3879; x_wconf 91' lang='lat' dir='ltr'>ad</span> <span class='ocrx_word' id='word_1_187' title='bbox 1426 3828 1509 3880; x_wconf 92' lang='lat' dir='ltr'>oon·</span> 
     </span>
     <span class='ocr_line' id='line_1_27' title="bbox 399 3925 1508 4028; baseline 0.003 -25"><span class='ocrx_word' id='word_1_188' title='bbox 399 3925 537 4004; x_wconf 89' lang='lat' dir='ltr'>fliotum</span> <span class='ocrx_word' id='word_1_189' title='bbox 566 3928 848 4006; x_wconf 86' lang='lat' dir='ltr'>contendebant.</span> <span class='ocrx_word' id='word_1_190' title='bbox 878 3929 1063 4006; x_wconf 87' lang='lat' dir='ltr'>Viderunt</span> <span class='ocrx_word' id='word_1_191' title='bbox 1090 3929 1284 4026; x_wconf 87' lang='lat' dir='ltr'>Hungari,</span> <span class='ocrx_word' id='word_1_192' title='bbox 1304 3931 1402 4028; x_wconf 90' lang='lat' dir='ltr'>quod</span> <span class='ocrx_word' id='word_1_193' title='bbox 1421 3954 1508 4028; x_wconf 88' lang='lat' dir='ltr'>gen-</span> 
     </span>
     <span class='ocr_line' id='line_1_28' title="bbox 398 4031 1506 4152; baseline 0.004 -24"><span class='ocrx_word' id='word_1_194' title='bbox 398 4061 472 4129; x_wconf 89' lang='lat' dir='ltr'>tem</span> <span class='ocrx_word' id='word_1_195' title='bbox 493 4052 757 4131; x_wconf 78' lang='lat' dir='ltr'>Germanicam</span> <span class='ocrx_word' id='word_1_196' title='bbox 776 4064 814 4131; x_wconf 88' lang='lat' dir='ltr'>et</span> <span class='ocrx_word' id='word_1_197' title='bbox 832 4031 979 4133; x_wconf 85' lang='lat' dir='ltr'>Taliam</span> <span class='ocrx_word' id='word_1_198' title='bbox 998 4061 1147 4152; x_wconf 92' lang='lat' dir='ltr'>gentem</span> <span class='ocrx_word' id='word_1_199' title='bbox 1166 4077 1277 4131; x_wconf 86' lang='lat' dir='ltr'>vnum</span> <span class='ocrx_word' id='word_1_200' title='bbox 1295 4056 1343 4132; x_wconf 93' lang='lat' dir='ltr'>ad</span> <span class='ocrx_word' id='word_1_201' title='bbox 1352 4057 1506 4134; x_wconf 91' lang='lat' dir='ltr'>alterum</span> 
     </span>
     <span class='ocr_line' id='line_1_29' title="bbox 399 4183 1506 4284; baseline 0 -26"><span class='ocrx_word' id='word_1_202' title='bbox 399 4184 684 4282; x_wconf 86' lang='lat' dir='ltr'>prosternebant</span> <span class='ocrx_word' id='word_1_203' title='bbox 711 4207 779 4283; x_wconf 89' lang='lat' dir='ltr'>per</span> <span class='ocrx_word' id='word_1_204' title='bbox 803 4185 962 4284; x_wconf 89' lang='lat' dir='ltr'>plateas.</span> <span class='ocrx_word' id='word_1_205' title='bbox 992 4184 1084 4260; x_wconf 89' lang='lat' dir='ltr'>Inde</span> <span class='ocrx_word' id='word_1_206' title='bbox 1113 4185 1176 4282; x_wconf 91' lang='lat' dir='ltr'>qui</span> <span class='ocrx_word' id='word_1_207' title='bbox 1204 4193 1311 4262; x_wconf 87' lang='lat' dir='ltr'>erant</span> <span class='ocrx_word' id='word_1_208' title='bbox 1337 4183 1506 4282; x_wconf 87' lang='lat' dir='ltr'>Hungari</span> 
     </span>
     <span class='ocr_line' id='line_1_30' title="bbox 399 4309 1508 4408; baseline 0.004 -25"><span class='ocrx_word' id='word_1_209' title='bbox 399 4309 439 4384; x_wconf 94' lang='lat' dir='ltr'>in</span> <span class='ocrx_word' id='word_1_210' title='bbox 458 4309 608 4385; x_wconf 89' lang='lat' dir='ltr'>ciuitate</span> <span class='ocrx_word' id='word_1_211' title='bbox 626 4309 726 4386; x_wconf 88' lang='lat' dir='ltr'>Alba</span> <span class='ocrx_word' id='word_1_212' title='bbox 745 4311 927 4408; x_wconf 91' lang='lat' dir='ltr'>Regalem</span> <span class='ocrx_word' id='word_1_213' title='bbox 947 4311 1053 4388; x_wconf 91' lang='lat' dir='ltr'>multi</span> <span class='ocrx_word' id='word_1_214' title='bbox 1071 4321 1313 4389; x_wconf 89' lang='lat' dir='ltr'>cucurrerunt</span> <span class='ocrx_word' id='word_1_215' title='bbox 1333 4312 1508 4389; x_wconf 84' lang='lat' dir='ltr'>aduersus</span> 
     </span>
     <span class='ocr_line' id='line_1_31' title="bbox 399 4435 1507 4538; baseline 0.004 -29"><span class='ocrx_word' id='word_1_216' title='bbox 399 4457 650 4532; x_wconf 87' lang='lat' dir='ltr'>paganorum,</span> <span class='ocrx_word' id='word_1_217' title='bbox 678 4435 732 4514; x_wconf 90' lang='lat' dir='ltr'>ita</span> <span class='ocrx_word' id='word_1_218' title='bbox 761 4438 858 4534; x_wconf 91' lang='lat' dir='ltr'>qnod</span> <span class='ocrx_word' id='word_1_219' title='bbox 875 4439 914 4514; x_wconf 92' lang='lat' dir='ltr'>in</span> <span class='ocrx_word' id='word_1_220' title='bbox 932 4437 1106 4515; x_wconf 88' lang='lat' dir='ltr'>conflictu</span> <span class='ocrx_word' id='word_1_221' title='bbox 1133 4463 1181 4529; x_wconf 82' lang='lat' dir='ltr'>ex</span> <span class='ocrx_word' id='word_1_222' title='bbox 1208 4445 1364 4536; x_wconf 82' lang='lat' dir='ltr'>utraque</span> <span class='ocrx_word' id='word_1_223' title='bbox 1383 4447 1507 4538; x_wconf 88' lang='lat' dir='ltr'>partes</span> 
     </span>
     <span class='ocr_line' id='line_1_32' title="bbox 400 4561 1506 4666; baseline 0.006 -32"><span class='ocrx_word' id='word_1_224' title='bbox 400 4561 549 4658; x_wconf 81' lang='lat' dir='ltr'>fatigati</span> <span class='ocrx_word' id='word_1_225' title='bbox 568 4572 684 4641; x_wconf 88' lang='lat' dir='ltr'>erant.</span> <span class='ocrx_word' id='word_1_226' title='bbox 715 4565 933 4643; x_wconf 90' lang='lat' dir='ltr'>Pausabant</span> <span class='ocrx_word' id='word_1_227' title='bbox 959 4567 1089 4642; x_wconf 91' lang='lat' dir='ltr'>iterum</span> <span class='ocrx_word' id='word_1_228' title='bbox 1111 4567 1158 4642; x_wconf 89' lang='lat' dir='ltr'>ad</span> <span class='ocrx_word' id='word_1_229' title='bbox 1176 4565 1351 4666; x_wconf 89' lang='lat' dir='ltr'>impetum</span> <span class='ocrx_word' id='word_1_230' title='bbox 1371 4573 1506 4644; x_wconf 77' lang='lat' dir='ltr'>utram·</span> 
     </span>
     <span class='ocr_line' id='line_1_33' title="bbox 401 4689 1505 4788; baseline 0.008 -28"><span class='ocrx_word' id='word_1_231' title='bbox 401 4708 472 4786; x_wconf 90' lang='lat' dir='ltr'>qne</span> <span class='ocrx_word' id='word_1_232' title='bbox 509 4689 745 4767; x_wconf 87' lang='lat' dir='ltr'>dimicabant.</span> <span class='ocrx_word' id='word_1_233' title='bbox 783 4691 941 4770; x_wconf 84' lang='lat' dir='ltr'>Domum</span> <span class='ocrx_word' id='word_1_234' title='bbox 977 4693 1150 4770; x_wconf 86' lang='lat' dir='ltr'>viderunt</span> <span class='ocrx_word' id='word_1_235' title='bbox 1186 4693 1359 4771; x_wconf 87' lang='lat' dir='ltr'>ciuitates</span> <span class='ocrx_word' id='word_1_236' title='bbox 1394 4693 1505 4788; x_wconf 87' lang='lat' dir='ltr'>ciues,</span> 
     </span>
    </p>
   </div>
   <div class='ocr_carea' id='block_1_5' title="bbox 0 0 1634 5226">
    <p class='ocr_par' dir='ltr' id='par_1_6' title="bbox 0 0 1634 5226">
     <span class='ocr_line' id='line_1_34' title="bbox 0 0 1634 5226; baseline 0 2"><span class='ocrx_word' id='word_1_237' title='bbox 0 0 1634 5226; x_wconf 95' lang='lat' dir='ltr'> </span> 
     </span>
    </p>
   </div>
  </div>
 </body>
</html>
