3226 5220
357 533 430 614 196

356 741 502 813 vestras
531 735 629 831 quod
656 735 742 834 plus
779 757 890 832 quam
918 731 990 810 duo
1018 733 1208 812 mensibus
1235 733 1408 812 residebo
1436 737 1475 807 et

358 863 412 938 nil
431 865 499 938 sub
518 862 636 962 pallio
656 861 802 937 locutus
822 882 923 956 sum,
944 859 1055 936 hawd
1073 861 1236 959 publice.
1258 858 1333 936 Sed
1351 862 1472 938 eciam

357 990 513 1066 oonsilio
534 988 580 1064 do
599 989 727 1084 vobis,
749 989 782 1064 si
801 987 902 1064 wltis
916 988 995 1084 jam
1014 986 1069 1061 ire
1088 1009 1222 1064 versus
1250 986 1397 1064 Budam
1427 989 1478 1064 ad

359 1115 655 1210 Fordinandum,
677 1120 814 1189 extunc
832 1137 879 1188 ex
899 1113 1006 1190 vobis
1025 1115 1118 1190 satis
1136 1121 1194 1190 est
1213 1113 1285 1190 duo
1303 1116 1377 1212 ire,
1399 1117 1477 1190 eci—

355 1267 415 1319 am
433 1265 507 1320 non
525 1265 572 1316 ex
591 1263 743 1320 numero
763 1239 956 1315 duodecim
974 1241 1039 1336 qui
1059 1241 1173 1338 estis;
1195 1240 1262 1318 sed
1290 1243 1353 1338 qui
1383 1253 1474 1318 snut

357 1396 404 1448 ex
423 1369 606 1446 communi
626 1369 746 1464 wlgo;
766 1390 841 1443 non
861 1367 957 1444 eatis
976 1389 1060 1443 cum
1079 1362 1253 1469 pompa.“
1277 1368 1358 1468 Ipsi
1378 1369 1476 1446 silu-

358 1505 477 1575 erunt.

465 1618 635 1697 Secundo
656 1617 714 1693 die
744 1616 909 1692 Michael
938 1617 1097 1696 Kakwk
1124 1619 1291 1696 chortem
1319 1621 1408 1696 fecit
1436 1621 1478 1694 in

362 1770 475 1824 vnum
495 1745 734 1840 Cassouien.‚
753 1752 913 1820 etvnam
925 1745 1114 1821 catedram
1132 1747 1252 1822 erexit
1265 1749 1375 1844 juxta
1397 1769 1481 1822 mu-

361 1898 442 1952 rum
462 1871 657 1966 cimiterii,
678 1877 715 1945 et
742 1870 910 1946 ascendit
928 1872 1025 1948 sieut
1051 1895 1147 1949 unus
1171 1873 1417 1970 predicator,
1440 1885 1481 1949 et

360 2001 501 2100 incepit
517 2006 595 2074 toto
615 1998 714 2094 wlgo
734 1993 980 2074 Oassouiensi
999 1999 1147 2096 magnis
1166 2006 1203 2074 et
1221 1999 1351 2097 paruis
1369 2000 1478 2076 illam

363 2126 668 2220 deelaraoiouem‚
689 2123 997 2220 quemadmodum
1016 2124 1480 2225 declarauerantduopre-

362 2275 534 2331 cursores
571 2249 801 2326 Ferdinandi
838 2248 883 2325 de
911 2249 1018 2346 Rege
1046 2249 1206 2348 Joanni,
1236 2251 1410 2347 quomodi
1439 2253 1480 2328 in

363 2377 651 2458 Transsiluanie
679 2377 910 2453 ambulasset
937 2384 974 2451 et
1001 2377 1056 2452 sic
1084 2377 1130 2454 dc
1156 2379 1347 2474 singulis,
1378 2379 1480 2456 sicut

364 2507 542 2607 scriptum
562 2511 620 2580 est
638 2503 829 2602 inceperat
847 2504 1095 2601 pronunciare
1120 2528 1188 2602 per
1214 2505 1384 2602 linguam
1412 2530 1478 2582 eo·

363 2627 444 2714 ruin
454 2629 711 2708 Alemanicam
722 2635 759 2703 et
776 2629 863 2726 plus
881 2651 994 2724 qnam
1013 2628 1143 2704 horam
1162 2652 1285 2706 vnam.
1297 2631 1382 2728 Ego
1397 2633 1481 2729 qui-

363 2763 446 2838 dem
475 2760 560 2835 visu
589 2757 762 2833 videbam
789 2752 860 2858 (et)
889 2755 929 2830 in
956 2756 1110 2832 auribus
1137 2758 1231 2834 meis
1259 2758 1482 2851 audiebam3

364 2889 430 2966 sed
449 2887 503 2962 nil
523 2883 792 2980 intelligebam.
814 2881 937 2974 Quum
958 2883 1103 2957 demum
1123 2881 1313 2960 deseendit
1341 2884 1386 2960 dc
1415 2909 1481 2962 ca-

362 3015 468 3090 tedra
486 3021 523 3086 et
541 3013 668 3088 statim
687 3010 859 3086 custodes
878 3009 1071 3084 ciuitatum
1090 3010 1310 3108 inceperunt
1338 3011 1478 3088 vehere

364 3143 469 3238 ligna
487 3137 706 3232 vasatium,
727 3145 765 3212 et
783 3137 990 3212 incendium
1018 3137 1118 3234 ignia
1146 3138 1325 3214 fecerunt.
1355 3138 1405 3212 Et
1433 3139 1480 3215 de

363 3268 493 3346 turrim
512 3265 793 3364 tubicynatores
812 3263 1081 3340 descenderunt
1108 3285 1191 3338 cum
1218 3253 1308 3366 filiis
1336 3265 1414 3342 suis
1443 3273 1482 3339 et

364 3391 588 3491 timpaniste‚
609 3391 829 3488 inceperunt
847 3389 985 3466 suflare
1005 3396 1043 3464 et
1059 3397 1215 3486 tangere
1234 3391 1274 3466 in
1292 3392 1479 3490 timpano;

368 3527 407 3596 et
425 3520 465 3596 in
482 3519 651 3614 horgano
669 3519 765 3594 bene
786 3517 1006 3593 sonantibus
1025 3517 1181 3594 vocibus
1200 3539 1327 3593 eorum
1346 3517 1482 3593 videli-

369 3655 428 3728 cet
454 3645 534 3742 „Te
554 3644 676 3718 Deum
694 3643 939 3740 laudamus“;
959 3665 1033 3740 qua
1051 3643 1157 3720 Deus
1176 3645 1483 3720 altissimuscon-

367 3773 532 3850 tullisset
551 3771 607 3846 eis
626 3770 770 3866 Regem
790 3769 1020 3848 Germanum
1040 3771 1233 3848 intereos.
1254 3771 1337 3848 Hec
1363 3770 1482 3867 finito,

371 3903 409 3977 in
428 3900 593 3997 profesto
614 3896 720 3974 Galli
740 3899 968 3976 confessoris
987 3899 1122 3975 iterum
1148 3899 1318 3976 ascendit
1344 3899 1392 3974 ad
1418 3923 1482 3974 ca-

367 4027 528 4122 tedram,
548 4033 589 4100 vt
620 4025 654 4102 si
680 4025 764 4121 quis
790 4023 932 4121 Regem
959 4025 1145 4102 Joannem
1173 4027 1395 4120 nominaret,
1424 4027 1483 4102 iu·

367 4153 497 4252 primis
515 4153 726 4252 priuaretur
745 4175 768 4227 a
787 4153 931 4252 eapite;
952 4161 989 4228 et
1006 4153 1159 4252 insuper
1177 4177 1241 4230 res
1259 4159 1296 4227 et
1303 4155 1403 4230 bona
1412 4175 1484 4230 sua

367 4279 656 4378 despoliaretur,
677 4285 715 4352 et
734 4279 781 4354 ad
799 4279 1067 4377 rempublicam
1087 4285 1349 4380 exponeretur.
1366 4279 1482 4355 Ante-

367 4428 479 4503 quam
497 4405 645 4502 quidem
664 4427 735 4502 ego
755 4404 951 4480 defendam
969 4403 1114 4502 Regem
1132 4405 1160 4484 J
1161 4427 1318 4481 oannem
1337 4407 1375 4482 in
1403 4408 1484 4484 suis

363 4531 478 4629 juris:
500 4553 588 4608 vere
608 4555 679 4628 ego
698 4531 787 4630 quid
806 4531 938 4608 dicam.
959 4529 1058 4608 Siloi
1076 4540 1114 4608 ct
1133 4554 1203 4628 ego
1222 4555 1305 4608 cum
1324 4531 1379 4609 eis
1396 4535 1484 4610 tali·

366 4667 424 4735 ter
443 4659 566 4754 exin.;
586 4660 692 4736 vlula
711 4681 794 4736 eum
813 4659 939 4758 luppis
959 4659 991 4736 si
1011 4659 1069 4736 vis
1088 4659 1217 4736 viuere
1236 4659 1428 4738 cumillis.

474 4784 636 4860 Posthac
655 4785 843 4862 Joanncm
862 4785 953 4860 Zem
971 4807 1096 4862 coram
1115 4809 1242 4864 eorum
1265 4810 1400 4864 vocare
1428 4789 1484 4866 ie·
