3248 5210
359 436 483 512 134.

353 633 509 732 orgium.
539 632 597 733 „0
623 641 664 709 tu
692 635 789 711 latro
826 633 1024 730 mordax,“
1052 635 1146 710 dixit
1173 635 1221 712 ed
1248 635 1473 736 Georgium.

354 759 442 860 Ipse
461 758 604 837 Paulus
621 767 703 837 erat
719 760 758 836 iu
776 761 914 856 lorice,
942 781 1017 836 nou
1037 783 1177 840 eruens
1194 785 1256 860 sc,
1275 764 1364 860 qnia
1381 762 1475 838 vili-

352 888 469 984 gebut
495 885 638 984 Regem
665 893 831 984 tautum,
861 886 959 986 quod
986 886 1034 963 ed
1061 886 1268 987 hospicium
1286 912 1393 966 suum
1413 889 1473 964 di·

352 1013 529 1090 uertisse't
547 1011 595 1088 ud
613 1012 816 1091 clientulos
835 1033 936 1092 suos.
957 1011 1009 1088 Et
1018 1011 1160 1092 Penius
1179 1036 1264 1091 mox
1282 1015 1478 1093 interfecit

355 1137 561 1237 Georgium
581 1137 858 1239 Sepusieuscm.
888 1139 1077 1238 Georgius
1096 1139 1335 1241 Seposiensis
1353 1143 1475 1220 hobe-

233 1287 241 1298 *
354 1267 421 1344 but
447 1267 528 1343 vice
555 1267 648 1344 belli
676 1267 866 1345 docorem
894 1288 977 1343 cum
1005 1276 1159 1344 caterua
1186 1291 1343 1366 magne,
1372 1269 1476 1368 quod

357 1393 513 1472 audieus
531 1395 628 1493 quod
647 1394 836 1474 dominum
855 1416 963 1472 suum
982 1391 1186 1493 Georgium
1211 1397 1476 1494 interfecisset,

202 1549 209 1562 ·
356 1543 441 1596 mox
469 1528 599 1597 eontra
631 1519 901 1602 Cheribussem
939 1523 1142 1621 imppetum
1172 1524 1260 1600 iecit
1286 1546 1369 1599 eum
1401 1544 1477 1600 sna

357 1655 528 1743 caterua,
549 1655 587 1723 et
614 1648 664 1724 ibi
693 1649 959 1728 interfecerunt
977 1647 1137 1725 Paulum
1156 1648 1349 1726 Thomori.
1369 1649 1478 1725 Ecce

356 1774 537 1871 quomodo
572 1783 650 1852 tres
678 1775 851 1853 iacebunt
878 1776 1059 1851 morituri.
1086 1775 1157 1872 Et,
1187 1775 1334 1853 dicebat
1360 1775 1477 1852 miles

358 1898 581 1996 Hungaros,
603 1907 684 1976 erut
709 1900 783 1974 iam
809 1907 937 1996 nocte,
966 1903 1136 1999 pentetrc
1163 1903 1404 1998 emaduisse,
1433 1911 1478 1979 et

358 2032 440 2102 erut
457 2024 568 2104 valde
586 2047 804 2125 crepuseum
833 2028 963 2104 noctis.
992 2026 1044 2102 Et
1061 2027 1185 2104 stetim
1215 2028 1330 2104 cicius
1349 2025 1475 2105 Geor-

357 2151 516 2248 gium'et
534 2152 692 2229 Paulum
712 2154 750 2230 in
770 2177 845 2229 vno
862 2153 1015 2230 thombe
1033 2154 1156 2229 iacent
1170 2155 1380 2230 incoeleeie
1397 2153 1476 2230 vil·

357 2277 549 2374 lunarum3
569 2285 607 2354 et
633 2277 778 2376 Regem
804 2277 1035 2356 Ludouieum
1064 2279 1214 2356 indusio
1250 2279 1475 2356 erueuthem

358 2404 537 2482 telimodo
556 2413 801 2504 portauerant
819 2406 867 2480 nd
885 2407 1018 2482 lacum.
1040 2405 1092 2482 Et
1108 2429 1183 2483 non
1202 2407 1249 2482 od
1265 2409 1386 2483 lecum
1403 2407 1475 2481 mi-

361 2538 506 2627 serunt,
536 2531 603 2608 sed
629 2531 729 2608 inire
756 2533 902 2632 rippam
931 2533 1004 2611 luci
1033 2531 1205 2610 foderuut
1228 2557 1395 2632 paupero
1413 2540 1475 2610 tu-

358 2659 513 2752 mulum,
534 2666 572 2735 et
588 2657 642 2736 ibi
661 2660 900 2736 amiserunt.“
923 2659 975 2734 Et
992 2660 1060 2735 teli
1079 2659 1187 2735 modo
1206 2683 1277 2756 ego
1295 2660 1372 2736 vidi
1390 2681 1477 2736 cnm

359 2785 536 2885 predictis
568 2786 661 2863 meis
688 2787 897 2886 capellanis
924 2792 1002 2862 tres
1029 2785 1170 2862 fixurus
1198 2809 1310 2886 super
1338 2809 1477 2886 corpus

360 2913 460 3006 eius,
491 2919 529 2988 et
555 2935 647 2989 crux
684 2913 876 3010 pendebat
902 2913 950 2989 nd
979 2913 1114 2988 collum
1143 2913 1222 2989 eins
1249 2935 1364 2990 aurea
1390 2933 1475 2988 oum

360 3045 474 3115 tenue
492 3046 598 3116 veste
616 3047 654 3115 et
674 3041 827 3116 camisia
855 3041 951 3116 siout
968 3041 1039 3116 iuit
1066 3047 1220 3136 exutus,
1241 3047 1278 3116 et
1296 3041 1334 3116 in
1354 3040 1475 3136 digito

360 3167 494 3242 anulus
512 3166 1150 3268 oopuincioniserutedhucproptcr
1167 3168 1375 3245 veritatem.
1387 3165 1472 3244 Hec

361 3313 443 3368 eum
462 3289 620 3368 vidisset
636 3298 712 3367 tum
732 3291 929 3370 horreolum
953 3293 1231 3370 conflicoionem
1249 3293 1474 3394 pugilleoio-

361 3419 419 3496 nis
437 3415 581 3495 Gitrich
601 3419 810 3516 Bohemus,
831 3428 922 3516 eret,
943 3443 1029 3497 mox
1048 3443 1191 3522 pauper
1208 3445 1321 3521 super
1340 3443 1476 3520 equum

361 3545 567 3624 ascendens
586 3567 668 3622 cum
688 3545 831 3623 duobus
856 3547 1087 3624 solummodo
1115 3549 1323 3643 clientulis,
1352 3555 1390 3622 et
1407 3569 1476 3645 per

360 3681 476 3752 totum
503 3681 648 3750 noctem
676 3673 849 3770 diuugun.
879 3697 949 3752 suo
967 3697 1050 3752 sors
1077 3675 1277 3753 reduxerat
1294 3675 1477 3752 adversus

363 3800 412 3878 ed
429 3799 778 3897 Album-Regelem.
799 3800 850 3875 Et
867 3799 921 3878 ibi
940 3801 1096 3878 audiens
1114 3801 1210 3898 quod
1226 3799 1374 3898 Regino
1392 3797 1475 3874 Mn·

362 3927 422 4006 rie
449 3925 684 4006 discessisset
711 3927 757 4004 de
785 3926 892 4004 Budu
919 3926 967 4002 sd
993 3927 1201 4022 Viennam,
1230 3933 1268 4002 et
1289 3927 1372 4026 ipse
1389 3931 1478 4024 post

354 4056 484 4154 'ipsam
521 4054 716 4154 equituuit.
755 4053 806 4130 Et
842 4073 998 4151 cumque
1032 4049 1175 4129 Gitrich
1214 4052 1261 4128 ed
1289 4051 1477 4149 Reginum

361 4181 595 4276 evenissent,
625 4203 710 4258 mox
739 4177 889 4278 Regina
906 4179 1154 4276 interrogauit
1173 4179 1218 4254 de
1238 4177 1381 4256 Gitrich
1399 4175 1476 4254 Re·

362 4331 447 4406 gem
475 4305 722 4402 Ludouioum‚
762 4313 799 4384 et
825 4307 893 4383 teli
930 4307 1051 4392 torma
1078 4327 1203 4383 corum
1231 4325 1313 4380 eom
1342 4309 1477 4381 cuncte

362 4433 534 4534 predixit.
563 4435 615 4512 Et
641 4435 808 4536 precepit
836 4433 985 4530 Regino
1022 4433 1143 4533 ipsum
1177 4455 1331 4532 cepere,
1361 4430 1476 4507 etad

363 4560 565 4664 pretorium
601 4562 766 4638 ciuitatis
801 4558 1015 4655 recludere,
1054 4566 1091 4636 et
1118 4561 1218 4636 mele
1245 4565 1363 4634 morte
1391 4577 1475 4632 oum

362 4689 474 4772 etiem
493 4689 757 4768 interiecemnt
784 4687 976 4766 Germani.
1007 4687 1058 4762 Et
1077 4685 1148 4762 hoo
1166 4686 1376 4763 obiciebant
1400 4681 1473 4758 eniti
