3226 5220
1124 463 1200 544 153

104 693 233 764 omum,
261 669 361 770 qnod
388 693 523 749 earnes
548 669 759 771 poreinas.“
790 669 843 744 Et
860 692 882 746 e
901 689 1081 745 converso
1106 665 1202 742 dixit

103 797 419 898 archiepiscopus:
443 799 568 896 „Vere
595 797 683 874 Tua
710 797 894 895 Majestas
917 801 974 872 est
996 815 1201 890 exgenere

103 923 329 1020 Selenorum,
354 925 453 1022 qnod
471 926 614 1002 nullum
642 926 764 1002 eibum
791 923 924 1001 habuit
950 919 1223 998 Serenissima.

103 1041 270 1149 llajestos
296 1051 439 1128 Vestra
474 1057 602 1150 preter
637 1050 814 1151 poreinas
844 1070 979 1126 earnes
1005 1045 1199 1123 solnmodo

101 1177 298 1272 tardonem
327 1183 491 1253 attamen
528 1173 758 1253 solummodo
795 1175 990 1253 habuisset
1017 1173 1201 1272 Mejestas

102 1325 197 1378 mum
232 1303 416 1380 ierenlnm
454 1301 501 1379 de
537 1303 698 1380 auieulis
733 1309 799 1378 ent
826 1302 871 1378 de
898 1301 1074 1377 lerenis.“
1114 1300 1200 1395 Ego

103 1429 233 1528 quidem
259 1429 493 1525 seneiebam,
523 1430 621 1529 qnod
647 1453 710 1507 res
738 1430 884 1506 demum
903 1429 1068 1522 doleret,
1089 1433 1127 1502 et
1144 1425 1198 1501 in·
1226 1503 1230 1512 ,

103 1579 198 1656 snper
216 1555 364 1632 delusio
381 1555 499 1632 fieret.

192 1681 302 1758 Tune
320 1683 404 1781 ipse
422 1683 519 1758 elam
538 1682 742 1782 scripserat
759 1681 808 1757 ad
825 1681 987 1759 Vienam
996 1679 1200 1758 Franoiseo

14 1891 15 1894 Ν
105 1807 286 1909 Brttyani,
316 1815 358 1884 vt
382 1809 529 1887 veniret
555 1809 604 1886 ad
631 1830 726 1886 enm.
756 1809 808 1886 Et
835 1808 883 1883 ad
910 1815 1083 1884 oetaeum
1102 1805 1201 1882 diem

104 1943 240 2013 venerat
285 1934 514 2013 Franeisens
557 1937 737 2038 Battyani
774 1936 823 2012 ad
858 1958 972 2010 vnum
1009 1932 1201 2032 opidulum

105 2059 235 2158 (iotha,
265 2061 474 2142 notifieauit
500 2063 549 2139 ad
576 2061 806 2161 Strigoniam
833 2060 1131 2160 arehiepiseopi,
1160 2066 1202 2132 vt

103 2187 240 2266 veniret
259 2188 309 2264 ad
326 2211 406 2285 me,
436 2189 484 2264 ad
512 2190 602 2289 qnid
620 2213 679 2266 me
697 2211 833 2267 voeare
860 2189 961 2264 feeit.
990 2185 1082 2261 Inde
1102 2185 1201 2282 Regi

14 2377 15 2388 ,
102 2313 199 2410 dixit,
241 2315 364 2414 ,quod
400 2315 626 2394 Franeiseus
658 2315 851 2393 nuneieuit
877 2315 970 2392 mihi
997 2313 1046 2388 ed
1074 2311 1201 2408 alique

14 2483 15 2486 κ
101 2444 219 2538 verba,
249 2441 338 2518 volo
357 2463 405 2517 ex
423 2442 519 2519 seitn
547 2443 759 2543 Majestatis
776 2439 867 2545 Ἢν·
888 2443 1027 2521 Vestra
1054 2462 1136 2516 enm
1156 2461 1200 2514 eo

102 2568 141 2643 ad
154 2570 248 2647 faeie
268 2568 360 2672 ire.“
384 2569 561 2648 Permisit
578 2571 739 2648 libenter
758 2572 814 2648 ire
833 2569 881 2646 ad
899 2592 1000 2664 eum,
1021 2567 1200 2666 opinaba-

102 2703 150 2772 tur
164 2697 246 2774 Rex
265 2703 304 2772 et
321 2719 412 2792 nos,
440 2696 539 2794 quod
565 2699 683 2774 vellet
709 2698 878 2794 graeiam
903 2696 1072 2795 optinere
1101 2689 1201 2790 apud

102 2821 229 2921 Regem
256 2823 444 2902 ioannem
469 2847 539 2923 per
565 2824 908 2924 arehiepiscopum,
937 2829 975 2898 et
1001 2820 1118 2898 eieins
1136 2839 1199 2894 eu·

103 2951 201 3028 currit
227 2951 276 3026 ad
305 2973 391 3025 eum
418 2950 466 3028 ad
492 2949 699 3050 predietnm
733 2950 976 3026 Franeisenm
1009 2943 1199 3049 Battyeni.

15 3075 16 3090 ¹
102 3075 323 3154 Tardanerat
350 3078 402 3154 ibi
430 3078 552 3155 tribus
579 3085 618 3154 et
644 3084 818 3177 quartum
845 3077 956 3154 diem.
984 3075 1102 3154 Venit
1118 3095 1200 3152 rur·

15 3395 17 3487 i

16 3609 18 3686 l

101 3225 168 3278 sum
194 3205 243 3280 ad
270 3205 419 3282 domum
446 3205 765 3304 strigoniensem,
795 3211 833 3282 et
851 3204 907 3281 nil
925 3205 1137 3283 audiuimus
1155 3206 1201 3282 de

101 3329 170 3428 ipso
189 3333 354 3430 aliquam
381 3334 610 3411 relaeionem
638 3333 809 3430 duxisse,
834 3339 873 3407 et
889 3333 928 3408 in
945 3332 1019 3410 hoe
1037 3332 1199 3409 evannit.

192 3459 284 3536 Dixi
321 3460 420 3558 quod
451 3463 531 3560 jem
566 3461 714 3539 venturi
749 3460 887 3538 inimus
915 3460 964 3537 ad
990 3459 1134 3536 Budam
1161 3459 1200 3536 in

102 3605 213 3663 meuse
232 3585 370 3685 Aprili.
394 3586 546 3664 Extnne
570 3588 654 3664 Rex
673 3588 775 3666 misit
792 3611 861 3688 pro
881 3589 1003 3665 Panlo
1022 3587 1199 3686 episeopo

102 3712 191 3788 uehi
210 3711 483 3811 strigoniensi,
502 3722 544 3790 vt
561 3716 806 3793 sellenizaret
831 3739 958 3795 eoram
976 3714 1098 3811 Regie
1117 3713 1198 3788 Ma·
1360 3713 1364 3720 '

99 3839 232 3932 jestatis
251 3841 433 3919 adramis
450 3843 670 3941 palmarum.
696 3843 870 3942 Negligit
886 3845 1016 3920 venire
1034 3841 1200 3938 aliquam

103 3969 342 4064 tunsionem
362 3967 511 4046 dieebat
527 3970 741 4069 proenrsori
769 3968 857 4066 suof,
885 3970 984 4068 quod
1013 3974 1127 4068 eaput
1140 3967 1199 4067 ip-

104 4091 168 4170 sius
184 4097 223 4170 in
242 4094 372 4172 dolore
390 4096 553 4173 maximo
581 4119 664 4172 enm
692 4095 802 4172 dente
830 4098 960 4174 morbo
977 4098 1122 4194 jaeeret
1140 4093 1200 4170 die

104 4229 281 4320 noetnqne.
302 4219 503 4321 Capeliani
521 4223 642 4324 ipsius
661 4223 937 4322 arehiepiscopi
955 4221 1064 4298 nobis
1075 4221 1200 4320 eapel-

17 4419 18 4456 Ν
104 4343 185 4424 nnis
211 4347 333 4445 Regie
361 4349 574 4448 Majestatis
611 4351 791 4428 miserant
828 4373 940 4426 vnum
979 4371 1199 4448 eampanem

104 4470 251 4569 ligneam
271 4475 321 4552 sd
338 4477 606 4576 eleuaeionem,
626 4485 664 4555 et
681 4503 751 4556 nos
770 4477 958 4578 capellani
977 4477 1098 4576 Regis
1116 4475 1198 4552 Ma·

17 4651 18 4676 r
101 4597 232 4691 jaune·
248 4624 325 4681 non
341 4610 557 4704 poteramus
575 4604 624 4682 ad
640 4605 730 4704 qnid
747 4604 971 4702 intelligere.
992 4603 1199 4703 Eeqnidem

105 4728 375 4825 rendlesham:
398 4731 560 4832 ,Nereis
586 4755 703 4832 qnare
729 4733 966 4830 eligeremnt
984 4731 1094 4810 nobis
1111 4751 1198 4808 eun-
