3226 5220
1125 439 1200 518 143

105 639 155 718 eis
180 635 397 733 Trebianis,
424 635 513 736 quia
541 634 656 714 Turni
684 660 760 716 non
786 637 974 734 vigebant
987 639 1205 718 viotmliam

103 769 310 864 obienmqne
329 772 433 860 θεας
451 763 539 861 qnia
550 759 782 861 etldongari,
803 763 1038 861 qnodtugam
1048 765 1199 863 dabant,

105 915 172 970 non
186 891 394 992 perdebant
411 890 600 968 victualia.
621 889 672 966 Et
681 889 757 989 ipsi
775 891 922 969 nobiles
940 892 1078 990 partim
1097 893 1204 972 ibant

103 1020 145 1096 ad
159 1020 358 1120 propriam,
377 1019 466 1117 quia
483 1018 591 1114 niger
608 1016 719 1096 bomo
738 1016 812 1096 boc
828 1017 977 1096 dicebat
993 1019 1071 1100 cis:
1094 1021 1203 1118 ,Ego

101 1147 216 1222 inveni
243 1146 356 1224 istam
382 1151 521 1222 terram
547 1143 774 1240 desolatam,
804 1151 841 1220 ct
867 1145 967 1222 omni
991 1153 1103 1243 gente
1122 1169 1206 1223 moa

101 1270 300 1348 deseendi.“
333 1269 385 1348 Et
410 1271 483 1370 ipsi
513 1271 751 1369 obponebant
778 1269 982 1368 Hungari:
1007 1271 1111 1370 ,Nos
1128 1296 1204 1350 non

102 1399 405 1498 delinquissemns
431 1398 543 1474 istam
569 1403 729 1492 terram,
758 1397 792 1475 si
819 1399 1101 1497 potentissimos
1131 1423 1205 1476 non

101 1528 255 1604 aeniaaet
280 1548 395 1625 snper
421 1525 525 1628 nos.“
557 1523 608 1600 Et
634 1523 716 1622 ipso
745 1523 816 1601 boc
834 1527 1067 1624 proponebat
1085 1526 1204 1604 eciam

103 1655 161 1732 eis.
184 1655 259 1752 ,Et
269 1652 626 1753 aceepiapotente.“
641 1651 762 1745 Quum
776 1655 855 1750 Jam
874 1653 981 1732 multi
998 1661 1104 1735 erant
1121 1677 1203 1732 oum

101 1803 139 1858 eo
155 1780 347 1878 Tranioni,
370 1784 478 1857 erant
491 1779 570 1876 Jam
589 1778 763 1856 intereos
778 1778 1040 1858 thesaurarius
1057 1779 1203 1860 Zubota

102 1907 263 2002 saiuoda,
284 1913 366 1984 erat
382 1906 573 2006 palatinus
592 1907 661 1983 sub
680 1928 732 2001 se,
753 1913 791 1982 et
809 1907 1024 1986 nobilitates
1037 1909 1115 2006 jam
1135 1931 1204 2007 per

100 2034 334 2112 donacionem
369 2031 562 2109 diuidebat
599 2031 799 2108 Tracianis
826 2033 1070 2112 hereditatem
1096 2036 1202 2114 nobi·

100 2161 193 2236 bom.
213 2159 265 2254 Et
283 2166 465 2236 venerunt
482 2158 628 2236 nobiles
647 2158 753 2234 multi
772 2157 820 2234 ad
838 2160 1136 2257 conquerendum
1155 2161 1204 2238 ad

101 2285 236 2383 Regem
263 2285 471 2378 Joannem,
499 2291 537 2360 et
555 2284 729 2364 dicebant
756 2285 902 2364 nobiles
921 2287 956 2364 ei
977 2315 985 2362 :
1010 2284 1201 2384 ,Serenia-

100 2411 185 2488 sime
204 2410 301 2506 Rex,
320 2410 392 2488 iste
410 2410 518 2506 niger
536 2409 652 2487 bomo
666 2411 783 2486 multa
800 2413 958 2510 peregit,
975 2419 1104 2490 etcum
1122 2416 1203 2493 sois

100 2544 292 2616 recursant
319 2536 488 2614 bomincs
527 2535 763 2615 Christianos
800 2537 1004 2637 Hungaros
1031 2544 1100 2620 sub
1127 2549 1201 2619 ter·

100 2689 192 2760 ram,
221 2665 401 2742 simulant
419 2671 457 2739 et
475 2664 551 2739 alia
579 2671 709 2766 stupra
736 2667 914 2744 faciunt.“
937 2667 988 2742 Et
1006 2668 1061 2744 sic
1078 2667 1200 2745 detra-

100 2791 232 2868 bebant
248 2815 316 2868 eos
335 2791 555 2886 Tbacianos,
576 2792 703 2890 stipsi
723 2792 777 2868 nil
796 2794 975 2870 onrabant
993 2816 1076 2870 com
1094 2793 1200 2872 Hun-

99 2921 204 3014 gnis.
235 2919 288 2994 Et
314 2919 395 3018 ipse
423 2918 618 3018 sepissime
646 2919 812 3015 eligebat
839 2921 1009 2998 nuncdos
1037 2943 1127 2998 snos
1153 2920 1203 2996 ad

100 3043 235 3144 Regem
253 3045 282 3124 J
283 3067 453 3122 oannem.
488 3043 633 3143 ,Quum
652 3045 684 3122 si
703 3045 829 3144 placet
848 3046 1046 3144 Majestate
1065 3047 1202 3125 Vestro

99 3175 235 3252 seruire
263 3173 397 3273 promti
426 3195 554 3250 sumus
583 3174 677 3250 mori
713 3173 932 3270 singillatim
966 3197 1035 3272 pro
1063 3175 1202 3252 Vestra

100 3299 314 3398 llajestate,
334 3307 372 3374 et
388 3305 475 3375 tnnc
494 3299 677 3398 precipiat
694 3299 835 3376 Vestra
853 3299 1035 3397 Majestas
1053 3299 1200 3378 domino

98 3433 216 3504 nostro
244 3425 385 3504 Joanni
410 3424 543 3502 Cesari
571 3425 877 3502 Tracianornm.“
909 3424 1030 3518 Quum
1054 3449 1124 3524 ego
1143 3427 1201 3502 tu·

98 3574 191 3628 eram
219 3553 345 3630 scriba
371 3574 498 3628 eorum
525 3551 607 3628 sinc
644 3553 936 3651 suplicaciones,
965 3554 1048 3631 sine
1071 3553 1200 3630 literas

98 3679 237 3776 aliquas
265 3679 464 3775 volebant,
493 3677 700 3754 scribebam
727 3679 804 3774 eis,
832 3686 871 3754 et
888 3679 1054 3777 baguam
1072 3702 1199 3758 eorum

97 3803 314 3882 ideomatam
332 3805 410 3882 seio
435 3804 568 3898 valde;
597 3805 645 3880 ad
663 3827 721 3882 me
740 3806 940 3884 currebant
957 3829 1040 3883 eum
1059 3805 1200 3884 honore

98 3927 155 4032 (et)
175 3931 404 4010 muneribus.
425 3931 476 4008 Et
494 3930 664 4008 dominns
683 3931 766 4008 Rex
775 3939 902 4009 noster
920 3933 947 4010 J
948 3955 1089 4042 oannes
1107 3933 1200 4010 dixit

99 4057 245 4134 noneoio
265 4057 391 4135 Jovan
401 4055 519 4136 Obori
538 4085 548 4131 ε
572 4055 683 4157 ,Ipse
700 4057 949 4136 JowanObar
964 4060 1199 4158 vesterprin·

97 4205 176 4282 ceps
194 4185 317 4264 tribus
335 4183 479 4262 vicibus
498 4185 748 4282 juramentum
766 4185 858 4264 mibi
876 4187 965 4264 lecit
982 4187 1020 4262 in
1039 4186 1197 4285 Thooaj,

96 4313 184 4409 qnod
202 4313 272 4388 sub
290 4311 386 4412 pede
405 4312 490 4410 equi
508 4313 657 4390 meiwlt
675 4314 779 4410 mori,
800 4321 838 4390 ct
856 4321 914 4392 est
932 4313 1194 4392 monshomo“.

96 4436 139 4512 Et
155 4437 391 4538 paralempbi
418 4440 474 4517 sic
492 4439 684 4516 dicebant:
709 4441 832 4538 ,Vere
860 4440 987 4518 credat
1014 4439 1197 4539 Majestas

96 4563 267 4662 Vestras,
287 4564 387 4663 qnod
406 4589 503 4642 nnnc
521 4565 692 4642 dominns
709 4573 836 4646 noster
854 4567 881 4644 J
883 4590 989 4642 owan
1008 4565 1112 4644 Cbar
1129 4568 1199 4643 bec

98 4691 194 4790 dicit,
213 4719 287 4794 quc
306 4695 447 4772 Vestra
466 4693 649 4792 Majestas
667 4697 809 4794 profert
827 4695 935 4773 nobis
954 4697 1114 4774 coram.“
1147 4695 1198 4770 Et
