<?xml version="1.0" encoding="UTF-8"?>
<!DOCTYPE html PUBLIC "-//W3C//DTD XHTML 1.0 Transitional//EN"
    "http://www.w3.org/TR/xhtml1/DTD/xhtml1-transitional.dtd">
<html xmlns="http://www.w3.org/1999/xhtml" xml:lang="en" lang="en">
 <head>
  <title>
</title>
<meta http-equiv="Content-Type" content="text/html;charset=utf-8" />
  <meta name='ocr-system' content='tesseract 3.04.00' />
  <meta name='ocr-capabilities' content='ocr_page ocr_carea ocr_par ocr_line ocrx_word'/>
</head>
<body>
  <div class='ocr_page' id='page_1' title='image "./emlkiratamagyar00wenzgoog_0323.png"; bbox 0 0 3238 5228; ppageno 0'>
   <div class='ocr_carea' id='block_1_1' title="bbox 473 513 551 593">
    <p class='ocr_par' dir='ltr' id='par_1_1' title="bbox 473 513 551 593">
     <span class='ocr_line' id='line_1_1' title="bbox 473 513 551 593; baseline 0 -1"><span class='ocrx_word' id='word_1_1' title='bbox 473 513 551 593; x_wconf 83' lang='grc'><strong>276</strong></span> 
     </span>
    </p>
   </div>
   <div class='ocr_carea' id='block_1_2' title="bbox 471 702 1574 1690">
    <p class='ocr_par' dir='ltr' id='par_1_2' title="bbox 471 702 1574 1690">
     <span class='ocr_line' id='line_1_2' title="bbox 474 702 1573 806; baseline -0.011 -18"><span class='ocrx_word' id='word_1_2' title='bbox 474 712 505 788; x_wconf 93' lang='lat' dir='ltr'><strong>si</strong></span> <span class='ocrx_word' id='word_1_3' title='bbox 525 712 731 787; x_wconf 82' lang='lat' dir='ltr'><strong>dicebant:</strong></span> <span class='ocrx_word' id='word_1_4' title='bbox 765 707 959 806; x_wconf 83' lang='lat' dir='ltr'><strong>„Videetis</strong></span> <span class='ocrx_word' id='word_1_5' title='bbox 987 708 1072 806; x_wconf 90' lang='lat' dir='ltr'><strong>quid</strong></span> <span class='ocrx_word' id='word_1_6' title='bbox 1102 706 1224 783; x_wconf 89' lang='lat' dir='ltr'><strong>dicitis</strong></span> <span class='ocrx_word' id='word_1_7' title='bbox 1251 707 1366 798; x_wconf 81' lang='lat' dir='ltr'><strong>benc,</strong></span> <span class='ocrx_word' id='word_1_8' title='bbox 1397 703 1483 800; x_wconf 89' lang='lat' dir='ltr'><strong>quia</strong></span> <span class='ocrx_word' id='word_1_9' title='bbox 1507 702 1573 778; x_wconf 87' lang='lat' dir='ltr'><strong>ista</strong></span> 
     </span>
     <span class='ocr_line' id='line_1_3' title="bbox 471 817 1573 934; baseline -0.01 -23"><span class='ocrx_word' id='word_1_10' title='bbox 471 838 588 916; x_wconf 90' lang='lat' dir='ltr'><strong>vestis</strong></span> <span class='ocrx_word' id='word_1_11' title='bbox 607 843 664 912; x_wconf 90' lang='lat' dir='ltr'><strong>est</strong></span> <span class='ocrx_word' id='word_1_12' title='bbox 681 841 808 914; x_wconf 87' lang='lat' dir='ltr'><strong>nostra</strong></span> <span class='ocrx_word' id='word_1_13' title='bbox 827 817 864 910; x_wconf 81' lang='lat' dir='ltr'><strong>et</strong></span> <span class='ocrx_word' id='word_1_14' title='bbox 881 857 950 934; x_wconf 90' lang='lat' dir='ltr'><strong>pro</strong></span> <span class='ocrx_word' id='word_1_15' title='bbox 969 833 1138 932; x_wconf 90' lang='lat' dir='ltr'><strong>pecuniis</strong></span> <span class='ocrx_word' id='word_1_16' title='bbox 1156 830 1292 909; x_wconf 85' lang='lat' dir='ltr'><strong>uostris</strong></span> <span class='ocrx_word' id='word_1_17' title='bbox 1312 829 1485 929; x_wconf 89' lang='lat' dir='ltr'><strong>propriis.</strong></span> <span class='ocrx_word' id='word_1_18' title='bbox 1522 829 1573 902; x_wconf 85' lang='lat' dir='ltr'><strong>Ne</strong></span> 
     </span>
     <span class='ocr_line' id='line_1_4' title="bbox 474 955 1574 1056; baseline -0.011 -17"><span class='ocrx_word' id='word_1_19' title='bbox 474 963 534 1040; x_wconf 88' lang='lat' dir='ltr'><strong>det</strong></span> <span class='ocrx_word' id='word_1_20' title='bbox 553 963 658 1040; x_wconf 89' lang='lat' dir='ltr'><strong>Deus</strong></span> <span class='ocrx_word' id='word_1_21' title='bbox 674 963 769 1040; x_wconf 84' lang='lat' dir='ltr'><strong>telio</strong></span> <span class='ocrx_word' id='word_1_22' title='bbox 786 963 893 1040; x_wconf 91' lang='lat' dir='ltr'><strong>nobis</strong></span> <span class='ocrx_word' id='word_1_23' title='bbox 912 962 1058 1056; x_wconf 85' lang='lat' dir='ltr'><strong>iacere;</strong></span> <span class='ocrx_word' id='word_1_24' title='bbox 1077 982 1143 1037; x_wconf 89' lang='lat' dir='ltr'><strong>nos</strong></span> <span class='ocrx_word' id='word_1_25' title='bbox 1161 957 1322 1034; x_wconf 88' lang='lat' dir='ltr'><strong>inmunis</strong></span> <span class='ocrx_word' id='word_1_26' title='bbox 1342 957 1505 1034; x_wconf 86' lang='lat' dir='ltr'><strong>sumus.“</strong></span> <span class='ocrx_word' id='word_1_27' title='bbox 1533 955 1574 1028; x_wconf 87' lang='lat' dir='ltr'><strong>Et</strong></span> 
     </span>
     <span class='ocr_line' id='line_1_5' title="bbox 476 1083 1574 1188; baseline -0.012 -22"><span class='ocrx_word' id='word_1_28' title='bbox 476 1113 586 1188; x_wconf 91' lang='lat' dir='ltr'><strong>quum</strong></span> <span class='ocrx_word' id='word_1_29' title='bbox 603 1089 641 1164; x_wconf 95' lang='lat' dir='ltr'><strong>in</strong></span> <span class='ocrx_word' id='word_1_30' title='bbox 660 1089 748 1167; x_wconf 87' lang='lat' dir='ltr'><strong>sede</strong></span> <span class='ocrx_word' id='word_1_31' title='bbox 767 1089 957 1166; x_wconf 78' lang='lat' dir='ltr'><strong>minabunt</strong></span> <span class='ocrx_word' id='word_1_32' title='bbox 975 1086 1090 1164; x_wconf 85' lang='lat' dir='ltr'><strong>Turci</strong></span> <span class='ocrx_word' id='word_1_33' title='bbox 1109 1084 1334 1180; x_wconf 87' lang='lat' dir='ltr'><strong>Pestienscs,</strong></span> <span class='ocrx_word' id='word_1_34' title='bbox 1354 1083 1450 1159; x_wconf 82' lang='lat' dir='ltr'><strong>dixit</strong></span> <span class='ocrx_word' id='word_1_35' title='bbox 1465 1083 1574 1158; x_wconf 90' lang='lat' dir='ltr'><strong>locum</strong></span> 
     </span>
     <span class='ocr_line' id='line_1_6' title="bbox 475 1207 1573 1318; baseline -0.008 -26"><span class='ocrx_word' id='word_1_36' title='bbox 475 1211 736 1318; x_wconf 72' lang='lat' dir='ltr'><strong>(mneos)⁸2·lv·</strong></span> <span class='ocrx_word' id='word_1_37' title='bbox 756 1213 1068 1314; x_wconf 77' lang='lat' dir='ltr'><strong>JoanncsBanffy</strong></span> <span class='ocrx_word' id='word_1_38' title='bbox 1085 1211 1178 1288; x_wconf 83' lang='lat' dir='ltr'><strong>dixit</strong></span> <span class='ocrx_word' id='word_1_39' title='bbox 1196 1210 1326 1307; x_wconf 83' lang='lat' dir='ltr'><strong>lingua</strong></span> <span class='ocrx_word' id='word_1_40' title='bbox 1337 1207 1573 1312; x_wconf 71' lang='lat' dir='ltr'><strong>!Huugoricu2</strong></span> 
     </span>
     <span class='ocr_line' id='line_1_7' title="bbox 479 1335 1573 1440; baseline -0.012 -21"><span class='ocrx_word' id='word_1_41' title='bbox 479 1343 621 1440; x_wconf 83' lang='lat' dir='ltr'><strong>„Ecoe,</strong></span> <span class='ocrx_word' id='word_1_42' title='bbox 641 1342 750 1418; x_wconf 91' lang='lat' dir='ltr'><strong>amici</strong></span> <span class='ocrx_word' id='word_1_43' title='bbox 769 1341 840 1417; x_wconf 89' lang='lat' dir='ltr'><strong>mei</strong></span> <span class='ocrx_word' id='word_1_44' title='bbox 866 1339 1060 1436; x_wconf 83' lang='lat' dir='ltr'><strong>Huugari,</strong></span> <span class='ocrx_word' id='word_1_45' title='bbox 1089 1337 1121 1415; x_wconf 92' lang='lat' dir='ltr'><strong>si</strong></span> <span class='ocrx_word' id='word_1_46' title='bbox 1150 1339 1188 1414; x_wconf 92' lang='lat' dir='ltr'><strong>in</strong></span> <span class='ocrx_word' id='word_1_47' title='bbox 1216 1337 1313 1414; x_wconf 84' lang='lat' dir='ltr'><strong>facie</strong></span> <span class='ocrx_word' id='word_1_48' title='bbox 1339 1335 1403 1412; x_wconf 92' lang='lat' dir='ltr'><strong>hic</strong></span> <span class='ocrx_word' id='word_1_49' title='bbox 1431 1336 1470 1411; x_wconf 94' lang='lat' dir='ltr'><strong>in</strong></span> <span class='ocrx_word' id='word_1_50' title='bbox 1496 1335 1573 1411; x_wconf 88' lang='lat' dir='ltr'><strong>sede</strong></span> 
     </span>
     <span class='ocr_line' id='line_1_8' title="bbox 475 1463 1573 1562; baseline -0.012 -19"><span class='ocrx_word' id='word_1_51' title='bbox 475 1469 656 1544; x_wconf 86' lang='lat' dir='ltr'><strong>minamur</strong></span> <span class='ocrx_word' id='word_1_52' title='bbox 674 1467 723 1544; x_wconf 82' lang='lat' dir='ltr'><strong>ab</strong></span> <span class='ocrx_word' id='word_1_53' title='bbox 742 1467 817 1562; x_wconf 89' lang='lat' dir='ltr'><strong>cis,</strong></span> <span class='ocrx_word' id='word_1_54' title='bbox 838 1467 871 1542; x_wconf 90' lang='lat' dir='ltr'><strong>si</strong></span> <span class='ocrx_word' id='word_1_55' title='bbox 898 1464 1068 1541; x_wconf 85' lang='lat' dir='ltr'><strong>occidant</strong></span> <span class='ocrx_word' id='word_1_56' title='bbox 1095 1486 1163 1540; x_wconf 89' lang='lat' dir='ltr'><strong>uos</strong></span> <span class='ocrx_word' id='word_1_57' title='bbox 1190 1463 1229 1537; x_wconf 91' lang='lat' dir='ltr'><strong>iu</strong></span> <span class='ocrx_word' id='word_1_58' title='bbox 1255 1468 1400 1556; x_wconf 73' lang='lat' dir='ltr'><strong>tertre,</strong></span> <span class='ocrx_word' id='word_1_59' title='bbox 1429 1467 1573 1560; x_wconf 88' lang='lat' dir='ltr'><strong>possunt</strong></span> 
     </span>
     <span class='ocr_line' id='line_1_9' title="bbox 474 1587 1574 1690; baseline -0.01 -21"><span class='ocrx_word' id='word_1_60' title='bbox 474 1593 595 1670; x_wconf 86' lang='lat' dir='ltr'><strong>omnia</strong></span> <span class='ocrx_word' id='word_1_61' title='bbox 612 1614 830 1690; x_wconf 77' lang='lat' dir='ltr'>quecunque</span> <span class='ocrx_word' id='word_1_62' title='bbox 847 1591 988 1668; x_wconf 85' lang='lat' dir='ltr'><strong>volunt.</strong></span> <span class='ocrx_word' id='word_1_63' title='bbox 1008 1590 1109 1686; x_wconf 83' lang='lat' dir='ltr'><strong>Ergo</strong></span> <span class='ocrx_word' id='word_1_64' title='bbox 1135 1587 1232 1687; x_wconf 89' lang='lat' dir='ltr'><strong>quod</strong></span> <span class='ocrx_word' id='word_1_65' title='bbox 1253 1591 1333 1686; x_wconf 88' lang='lat' dir='ltr'><strong>jam</strong></span> <span class='ocrx_word' id='word_1_66' title='bbox 1361 1589 1500 1663; x_wconf 85' lang='lat' dir='ltr'><strong>iactum</strong></span> <span class='ocrx_word' id='word_1_67' title='bbox 1526 1593 1574 1660; x_wconf 86' lang='lat' dir='ltr'><strong>est</strong></span> 
     </span>
    </p>
   </div>
   <div class='ocr_carea' id='block_1_3' title="bbox 474 1719 1571 1940">
    <p class='ocr_par' dir='ltr' id='par_1_3' title="bbox 474 1719 1571 1940">
     <span class='ocr_line' id='line_1_10' title="bbox 474 1719 724 1797; baseline -0.004 -3"><span class='ocrx_word' id='word_1_68' title='bbox 474 1721 612 1794; x_wconf 87' lang='lat' dir='ltr'><strong>iactum</strong></span> <span class='ocrx_word' id='word_1_69' title='bbox 631 1719 724 1797; x_wconf 88' lang='lat' dir='ltr'><strong>est.“</strong></span> 
     </span>
     <span class='ocr_line' id='line_1_11' title="bbox 584 1839 1571 1940; baseline -0.012 -20"><span class='ocrx_word' id='word_1_70' title='bbox 584 1844 636 1920; x_wconf 88' lang='lat' dir='ltr'><strong>Et</strong></span> <span class='ocrx_word' id='word_1_71' title='bbox 671 1844 743 1920; x_wconf 90' lang='lat' dir='ltr'><strong>istc</strong></span> <span class='ocrx_word' id='word_1_72' title='bbox 770 1844 867 1920; x_wconf 86' lang='lat' dir='ltr'><strong>latro</strong></span> <span class='ocrx_word' id='word_1_73' title='bbox 895 1841 1049 1940; x_wconf 87' lang='lat' dir='ltr'><strong>Momyn</strong></span> <span class='ocrx_word' id='word_1_74' title='bbox 1075 1839 1186 1916; x_wconf 82' lang='lat' dir='ltr'><strong>vaide</strong></span> <span class='ocrx_word' id='word_1_75' title='bbox 1214 1839 1356 1914; x_wconf 90' lang='lat' dir='ltr'><strong>demum</strong></span> <span class='ocrx_word' id='word_1_76' title='bbox 1385 1839 1571 1916; x_wconf 84' lang='lat' dir='ltr'><strong>subitanea</strong></span> 
     </span>
    </p>
   </div>
   <div class='ocr_carea' id='block_1_4' title="bbox 472 1967 1574 2698">
    <p class='ocr_par' dir='ltr' id='par_1_4' title="bbox 475 1967 1028 2068">
     <span class='ocr_line' id='line_1_12' title="bbox 475 1967 1028 2068; baseline -0.004 -24"><span class='ocrx_word' id='word_1_77' title='bbox 475 1976 591 2047; x_wconf 88' lang='lat' dir='ltr'><strong>morte</strong></span> <span class='ocrx_word' id='word_1_78' title='bbox 608 1975 876 2068; x_wconf 78' lang='lat' dir='ltr'><strong>preoccupatus</strong></span> <span class='ocrx_word' id='word_1_79' title='bbox 893 1967 1028 2044; x_wconf 87' lang='lat' dir='ltr'><strong>iuerat.</strong></span> 
     </span>
    </p>

    <p class='ocr_par' dir='ltr' id='par_1_5' title="bbox 472 2090 1574 2698">
     <span class='ocr_line' id='line_1_13' title="bbox 580 2090 1574 2192; baseline -0.008 -22"><span class='ocrx_word' id='word_1_80' title='bbox 580 2095 740 2172; x_wconf 90' lang='lat' dir='ltr'><strong>Demum</strong></span> <span class='ocrx_word' id='word_1_81' title='bbox 763 2116 876 2192; x_wconf 91' lang='lat' dir='ltr'><strong>quum</strong></span> <span class='ocrx_word' id='word_1_82' title='bbox 905 2098 1145 2172; x_wconf 85' lang='lat' dir='ltr'><strong>cessaverant</strong></span> <span class='ocrx_word' id='word_1_83' title='bbox 1167 2095 1246 2190; x_wconf 89' lang='lat' dir='ltr'><strong>jam</strong></span> <span class='ocrx_word' id='word_1_84' title='bbox 1274 2090 1447 2166; x_wconf 85' lang='lat' dir='ltr'><strong>Alcmani</strong></span> <span class='ocrx_word' id='word_1_85' title='bbox 1474 2112 1574 2188; x_wconf 90' lang='lat' dir='ltr'><strong>super</strong></span> 
     </span>
     <span class='ocr_line' id='line_1_14' title="bbox 475 2216 1573 2318; baseline -0.005 -22"><span class='ocrx_word' id='word_1_86' title='bbox 475 2219 697 2318; x_wconf 59' lang='lat' dir='ltr'><strong>Huugarom</strong></span> <span class='ocrx_word' id='word_1_87' title='bbox 718 2221 856 2298; x_wconf 84' lang='lat' dir='ltr'><strong>Kazou</strong></span> <span class='ocrx_word' id='word_1_88' title='bbox 874 2220 988 2318; x_wconf 83' lang='lat' dir='ltr'><strong>vajda</strong></span> <span class='ocrx_word' id='word_1_89' title='bbox 1005 2241 1073 2318; x_wconf 89' lang='lat' dir='ltr'><strong>per</strong></span> <span class='ocrx_word' id='word_1_90' title='bbox 1092 2217 1234 2314; x_wconf 78' lang='lat' dir='ltr'><strong>Regem</strong></span> <span class='ocrx_word' id='word_1_91' title='bbox 1260 2216 1357 2294; x_wconf 92' lang='lat' dir='ltr'><strong>intro</strong></span> <span class='ocrx_word' id='word_1_92' title='bbox 1385 2226 1573 2316; x_wconf 80' lang='lat' dir='ltr'>rogaturus</span> 
     </span>
     <span class='ocr_line' id='line_1_15' title="bbox 475 2343 1574 2445; baseline -0.011 -18"><span class='ocrx_word' id='word_1_93' title='bbox 475 2353 557 2427; x_wconf 89' lang='lat' dir='ltr'><strong>erat</strong></span> <span class='ocrx_word' id='word_1_94' title='bbox 575 2346 623 2423; x_wconf 91' lang='lat' dir='ltr'><strong>ad</strong></span> <span class='ocrx_word' id='word_1_95' title='bbox 640 2348 742 2424; x_wconf 86' lang='lat' dir='ltr'><strong>Pest.</strong></span> <span class='ocrx_word' id='word_1_96' title='bbox 763 2346 884 2439; x_wconf 81' lang='lat' dir='ltr'><strong>Quum</strong></span> <span class='ocrx_word' id='word_1_97' title='bbox 897 2349 975 2445; x_wconf 88' lang='lat' dir='ltr'><strong>jam</strong></span> <span class='ocrx_word' id='word_1_98' title='bbox 993 2353 1190 2422; x_wconf 84' lang='lat' dir='ltr'><strong>senserant</strong></span> <span class='ocrx_word' id='word_1_99' title='bbox 1207 2344 1302 2421; x_wconf 88' lang='lat' dir='ltr'><strong>visis</strong></span> <span class='ocrx_word' id='word_1_100' title='bbox 1321 2366 1468 2440; x_wconf 89' lang='lat' dir='ltr'><strong>eorum,</strong></span> <span class='ocrx_word' id='word_1_101' title='bbox 1487 2343 1574 2442; x_wconf 90' lang='lat' dir='ltr'><strong>quod</strong></span> 
     </span>
     <span class='ocr_line' id='line_1_16' title="bbox 472 2469 1572 2569; baseline 0.001 -22"><span class='ocrx_word' id='word_1_102' title='bbox 472 2474 552 2569; x_wconf 78' lang='lat' dir='ltr'><strong>Jam</strong></span> <span class='ocrx_word' id='word_1_103' title='bbox 571 2473 609 2549; x_wconf 93' lang='lat' dir='ltr'><strong>in</strong></span> <span class='ocrx_word' id='word_1_104' title='bbox 629 2473 779 2550; x_wconf 86' lang='lat' dir='ltr'><strong>ciuitate</strong></span> <span class='ocrx_word' id='word_1_105' title='bbox 801 2473 921 2549; x_wconf 86' lang='lat' dir='ltr'><strong>forent</strong></span> <span class='ocrx_word' id='word_1_106' title='bbox 947 2472 1203 2549; x_wconf 77' lang='lat' dir='ltr'><strong>adolescentes</strong></span> <span class='ocrx_word' id='word_1_107' title='bbox 1231 2477 1268 2546; x_wconf 93' lang='lat' dir='ltr'><strong>et</strong></span> <span class='ocrx_word' id='word_1_108' title='bbox 1296 2469 1572 2548; x_wconf 76' lang='lat' dir='ltr'><strong>adolescentule,</strong></span> 
     </span>
     <span class='ocr_line' id='line_1_17' title="bbox 477 2597 1572 2698; baseline -0.007 -24"><span class='ocrx_word' id='word_1_109' title='bbox 477 2619 630 2698; x_wconf 90' lang='lat' dir='ltr'><strong>cumque</strong></span> <span class='ocrx_word' id='word_1_110' title='bbox 660 2600 862 2676; x_wconf 78' lang='lat' dir='ltr'><strong>intrassent</strong></span> <span class='ocrx_word' id='word_1_111' title='bbox 889 2607 926 2674; x_wconf 87' lang='lat' dir='ltr'><strong>ct</strong></span> <span class='ocrx_word' id='word_1_112' title='bbox 953 2597 1119 2697; x_wconf 87' lang='lat' dir='ltr'><strong>qualibet</strong></span> <span class='ocrx_word' id='word_1_113' title='bbox 1146 2597 1253 2676; x_wconf 92' lang='lat' dir='ltr'><strong>domo</strong></span> <span class='ocrx_word' id='word_1_114' title='bbox 1282 2597 1469 2692; x_wconf 86' lang='lat' dir='ltr'><strong>Pesticn.‚</strong></span> <span class='ocrx_word' id='word_1_115' title='bbox 1499 2617 1572 2668; x_wconf 87' lang='lat' dir='ltr'><strong>mox</strong></span> 
     </span>
    </p>
   </div>
   <div class='ocr_carea' id='block_1_5' title="bbox 477 2721 1573 3202">
    <p class='ocr_par' dir='ltr' id='par_1_6' title="bbox 477 2721 1573 3202">
     <span class='ocr_line' id='line_1_18' title="bbox 477 2721 1572 2825; baseline -0.009 -25"><span class='ocrx_word' id='word_1_116' title='bbox 477 2725 697 2825; x_wconf 88' lang='lat' dir='ltr'><strong>inceperunt</strong></span> <span class='ocrx_word' id='word_1_117' title='bbox 714 2725 926 2803; x_wconf 77' lang='lat' dir='ltr'><strong>adulterare</strong></span> <span class='ocrx_word' id='word_1_118' title='bbox 945 2731 982 2800; x_wconf 91' lang='lat' dir='ltr'><strong>et</strong></span> <span class='ocrx_word' id='word_1_119' title='bbox 1000 2731 1169 2822; x_wconf 85' lang='lat' dir='ltr'><strong>stuprare</strong></span> <span class='ocrx_word' id='word_1_120' title='bbox 1188 2724 1285 2800; x_wconf 88' lang='lat' dir='ltr'><strong>inter</strong></span> <span class='ocrx_word' id='word_1_121' title='bbox 1313 2723 1500 2820; x_wconf 80' lang='lat' dir='ltr'><strong>virgines:</strong></span> <span class='ocrx_word' id='word_1_122' title='bbox 1529 2721 1572 2794; x_wconf 89' lang='lat' dir='ltr'><strong>ita</strong></span> 
     </span>
     <span class='ocr_line' id='line_1_19' title="bbox 477 2847 1568 2949; baseline -0.008 -21"><span class='ocrx_word' id='word_1_123' title='bbox 477 2851 590 2948; x_wconf 86' lang='lat' dir='ltr'><strong>adeo,</strong></span> <span class='ocrx_word' id='word_1_124' title='bbox 611 2851 706 2948; x_wconf 90' lang='lat' dir='ltr'><strong>quod</strong></span> <span class='ocrx_word' id='word_1_125' title='bbox 724 2875 797 2928; x_wconf 91' lang='lat' dir='ltr'><strong>uon</strong></span> <span class='ocrx_word' id='word_1_126' title='bbox 817 2853 1041 2928; x_wconf 88' lang='lat' dir='ltr'><strong>verebantur</strong></span> <span class='ocrx_word' id='word_1_127' title='bbox 1059 2853 1107 2928; x_wconf 85' lang='lat' dir='ltr'><strong>ab</strong></span> <span class='ocrx_word' id='word_1_128' title='bbox 1126 2849 1336 2926; x_wconf 88' lang='lat' dir='ltr'><strong>hominibus</strong></span> <span class='ocrx_word' id='word_1_129' title='bbox 1363 2851 1404 2925; x_wconf 94' lang='lat' dir='ltr'><strong>in</strong></span> <span class='ocrx_word' id='word_1_130' title='bbox 1430 2847 1568 2949; x_wconf 80' lang='lat' dir='ltr'><strong>plateis,</strong></span> 
     </span>
     <span class='ocr_line' id='line_1_20' title="bbox 480 2974 1573 3073; baseline -0.009 -19"><span class='ocrx_word' id='word_1_131' title='bbox 480 3003 524 3054; x_wconf 85' lang='lat' dir='ltr'><strong>ac</strong></span> <span class='ocrx_word' id='word_1_132' title='bbox 544 2977 582 3050; x_wconf 92' lang='lat' dir='ltr'><strong>in</strong></span> <span class='ocrx_word' id='word_1_133' title='bbox 601 2977 781 3054; x_wconf 91' lang='lat' dir='ltr'><strong>cimiterio</strong></span> <span class='ocrx_word' id='word_1_134' title='bbox 809 2977 1115 3072; x_wconf 80' lang='lat' dir='ltr'><strong>luxuriabantur;</strong></span> <span class='ocrx_word' id='word_1_135' title='bbox 1142 2975 1195 3051; x_wconf 82' lang='lat' dir='ltr'><strong>ita</strong></span> <span class='ocrx_word' id='word_1_136' title='bbox 1221 2977 1320 3073; x_wconf 91' lang='lat' dir='ltr'><strong>quod</strong></span> <span class='ocrx_word' id='word_1_137' title='bbox 1348 2974 1573 3054; x_wconf 84' lang='lat' dir='ltr'><strong>Christianus</strong></span> 
     </span>
     <span class='ocr_line' id='line_1_21' title="bbox 481 3099 1557 3202; baseline -0.007 -22"><span class='ocrx_word' id='word_1_138' title='bbox 481 3104 663 3198; x_wconf 80' lang='lat' dir='ltr'><strong>lugebant</strong></span> <span class='ocrx_word' id='word_1_139' title='bbox 680 3102 727 3180; x_wconf 91' lang='lat' dir='ltr'><strong>dc</strong></span> <span class='ocrx_word' id='word_1_140' title='bbox 744 3104 896 3202; x_wconf 91' lang='lat' dir='ltr'><strong>publica</strong></span> <span class='ocrx_word' id='word_1_141' title='bbox 914 3103 1174 3181; x_wconf 81' lang='lat' dir='ltr'><strong>fornicaciouc.</strong></span> <span class='ocrx_word' id='word_1_142' title='bbox 1200 3103 1280 3198; x_wconf 85' lang='lat' dir='ltr'><strong>Vc,</strong></span> <span class='ocrx_word' id='word_1_143' title='bbox 1300 3124 1346 3178; x_wconf 84' lang='lat' dir='ltr'><strong>vc</strong></span> <span class='ocrx_word' id='word_1_144' title='bbox 1366 3099 1557 3180; x_wconf 82' lang='lat' dir='ltr'><strong>assodomii</strong></span> 
     </span>
    </p>
   </div>
   <div class='ocr_carea' id='block_1_6' title="bbox 476 3228 1575 4846">
    <p class='ocr_par' dir='ltr' id='par_1_7' title="bbox 476 3228 1575 4846">
     <span class='ocr_line' id='line_1_22' title="bbox 479 3228 1573 3327; baseline -0.005 -21"><span class='ocrx_word' id='word_1_145' title='bbox 479 3228 639 3306; x_wconf 85' lang='lat' dir='ltr'><strong>starum!</strong></span> <span class='ocrx_word' id='word_1_146' title='bbox 661 3229 745 3324; x_wconf 82' lang='lat' dir='ltr'><strong>Ego</strong></span> <span class='ocrx_word' id='word_1_147' title='bbox 764 3229 911 3327; x_wconf 91' lang='lat' dir='ltr'><strong>quidem</strong></span> <span class='ocrx_word' id='word_1_148' title='bbox 932 3230 1139 3308; x_wconf 87' lang='lat' dir='ltr'><strong>scribebam</strong></span> <span class='ocrx_word' id='word_1_149' title='bbox 1159 3230 1205 3306; x_wconf 90' lang='lat' dir='ltr'><strong>de</strong></span> <span class='ocrx_word' id='word_1_150' title='bbox 1234 3229 1339 3306; x_wconf 81' lang='lat' dir='ltr'><strong>Bude</strong></span> <span class='ocrx_word' id='word_1_151' title='bbox 1368 3230 1417 3305; x_wconf 92' lang='lat' dir='ltr'><strong>ad</strong></span> <span class='ocrx_word' id='word_1_152' title='bbox 1444 3230 1573 3324; x_wconf 83' lang='lat' dir='ltr'><strong>Regem</strong></span> 
     </span>
     <span class='ocr_line' id='line_1_23' title="bbox 477 3353 1574 3454; baseline -0.005 -22"><span class='ocrx_word' id='word_1_153' title='bbox 477 3355 664 3432; x_wconf 89' lang='lat' dir='ltr'><strong>Joannem</strong></span> <span class='ocrx_word' id='word_1_154' title='bbox 682 3355 750 3431; x_wconf 89' lang='lat' dir='ltr'><strong>sub</strong></span> <span class='ocrx_word' id='word_1_155' title='bbox 770 3353 907 3451; x_wconf 78' lang='lat' dir='ltr'><strong>cnigna</strong></span> <span class='ocrx_word' id='word_1_156' title='bbox 925 3357 1098 3454; x_wconf 89' lang='lat' dir='ltr'><strong>exemplo</strong></span> <span class='ocrx_word' id='word_1_157' title='bbox 1116 3355 1155 3431; x_wconf 94' lang='lat' dir='ltr'><strong>in</strong></span> <span class='ocrx_word' id='word_1_158' title='bbox 1174 3356 1345 3454; x_wconf 88' lang='lat' dir='ltr'><strong>epistolis</strong></span> <span class='ocrx_word' id='word_1_159' title='bbox 1363 3357 1471 3452; x_wconf 85' lang='lat' dir='ltr'><strong>meis,</strong></span> <span class='ocrx_word' id='word_1_160' title='bbox 1491 3353 1574 3452; x_wconf 93' lang='lat' dir='ltr'><strong>quod</strong></span> 
     </span>
     <span class='ocr_line' id='line_1_24' title="bbox 480 3481 1573 3578; baseline 0.001 -26"><span class='ocrx_word' id='word_1_161' title='bbox 480 3499 575 3556; x_wconf 85' lang='lat' dir='ltr'><strong>vnus</strong></span> <span class='ocrx_word' id='word_1_162' title='bbox 593 3501 752 3576; x_wconf 80' lang='lat' dir='ltr'><strong>magnus</strong></span> <span class='ocrx_word' id='word_1_163' title='bbox 770 3501 926 3578; x_wconf 87' lang='lat' dir='ltr'><strong>serpeus</strong></span> <span class='ocrx_word' id='word_1_164' title='bbox 954 3481 1107 3558; x_wconf 80' lang='lat' dir='ltr'><strong>intrauit</strong></span> <span class='ocrx_word' id='word_1_165' title='bbox 1134 3481 1173 3556; x_wconf 90' lang='lat' dir='ltr'><strong>in</strong></span> <span class='ocrx_word' id='word_1_166' title='bbox 1201 3481 1389 3558; x_wconf 87' lang='lat' dir='ltr'><strong>ciuitatem</strong></span> <span class='ocrx_word' id='word_1_167' title='bbox 1417 3481 1573 3560; x_wconf 86' lang='lat' dir='ltr'><strong>Pestico-</strong></span> 
     </span>
     <span class='ocr_line' id='line_1_25' title="bbox 480 3592 1573 3708; baseline -0.003 -26"><span class='ocrx_word' id='word_1_168' title='bbox 480 3627 578 3700; x_wconf 88' lang='lat' dir='ltr'><strong>sem,</strong></span> <span class='ocrx_word' id='word_1_169' title='bbox 600 3611 637 3681; x_wconf 92' lang='lat' dir='ltr'><strong>et</strong></span> <span class='ocrx_word' id='word_1_170' title='bbox 655 3592 792 3682; x_wconf 84' lang='lat' dir='ltr'><strong>cubant</strong></span> <span class='ocrx_word' id='word_1_171' title='bbox 811 3629 923 3706; x_wconf 89' lang='lat' dir='ltr'><strong>super</strong></span> <span class='ocrx_word' id='word_1_172' title='bbox 941 3630 1007 3684; x_wconf 91' lang='lat' dir='ltr'><strong>eos</strong></span> <span class='ocrx_word' id='word_1_173' title='bbox 1025 3607 1063 3684; x_wconf 92' lang='lat' dir='ltr'><strong>in</strong></span> <span class='ocrx_word' id='word_1_174' title='bbox 1081 3608 1193 3684; x_wconf 91' lang='lat' dir='ltr'><strong>simul</strong></span> <span class='ocrx_word' id='word_1_175' title='bbox 1211 3631 1290 3685; x_wconf 93' lang='lat' dir='ltr'><strong>cum</strong></span> <span class='ocrx_word' id='word_1_176' title='bbox 1320 3607 1407 3686; x_wconf 89' lang='lat' dir='ltr'><strong>aliis</strong></span> <span class='ocrx_word' id='word_1_177' title='bbox 1433 3630 1573 3708; x_wconf 85' lang='lat' dir='ltr'><strong>serper-</strong></span> 
     </span>
     <span class='ocr_line' id='line_1_26' title="bbox 478 3731 1572 3832; baseline 0.002 -28"><span class='ocrx_word' id='word_1_178' title='bbox 478 3731 588 3808; x_wconf 89' lang='lat' dir='ltr'><strong>tibus.</strong></span> <span class='ocrx_word' id='word_1_179' title='bbox 610 3731 662 3807; x_wconf 88' lang='lat' dir='ltr'><strong>Et</strong></span> <span class='ocrx_word' id='word_1_180' title='bbox 679 3731 761 3809; x_wconf 87' lang='lat' dir='ltr'><strong>Rex</strong></span> <span class='ocrx_word' id='word_1_181' title='bbox 779 3756 854 3809; x_wconf 94' lang='lat' dir='ltr'><strong>non</strong></span> <span class='ocrx_word' id='word_1_182' title='bbox 871 3733 1133 3830; x_wconf 80' lang='lat' dir='ltr'><strong>intellegebat,</strong></span> <span class='ocrx_word' id='word_1_183' title='bbox 1155 3734 1221 3812; x_wconf 87' lang='lat' dir='ltr'><strong>scd</strong></span> <span class='ocrx_word' id='word_1_184' title='bbox 1239 3735 1371 3812; x_wconf 89' lang='lat' dir='ltr'><strong>melius</strong></span> <span class='ocrx_word' id='word_1_185' title='bbox 1390 3734 1439 3812; x_wconf 86' lang='lat' dir='ltr'><strong>ad</strong></span> <span class='ocrx_word' id='word_1_186' title='bbox 1456 3738 1572 3832; x_wconf 83' lang='lat' dir='ltr'><strong>jocan-</strong></span> 
     </span>
     <span class='ocr_line' id='line_1_27' title="bbox 477 3855 1571 3959; baseline -0.001 -27"><span class='ocrx_word' id='word_1_187' title='bbox 477 3855 562 3932; x_wconf 91' lang='lat' dir='ltr'><strong>dum</strong></span> <span class='ocrx_word' id='word_1_188' title='bbox 579 3858 808 3936; x_wconf 85' lang='lat' dir='ltr'><strong>deridebant.</strong></span> <span class='ocrx_word' id='word_1_189' title='bbox 828 3857 903 3935; x_wconf 92' lang='lat' dir='ltr'><strong>Hic</strong></span> <span class='ocrx_word' id='word_1_190' title='bbox 921 3860 1139 3936; x_wconf 87' lang='lat' dir='ltr'><strong>maledictus</strong></span> <span class='ocrx_word' id='word_1_191' title='bbox 1164 3868 1222 3936; x_wconf 89' lang='lat' dir='ltr'><strong>est</strong></span> <span class='ocrx_word' id='word_1_192' title='bbox 1240 3859 1367 3956; x_wconf 84' lang='lat' dir='ltr'><strong>homo,</strong></span> <span class='ocrx_word' id='word_1_193' title='bbox 1397 3883 1469 3959; x_wconf 85' lang='lat' dir='ltr'><strong>quo</strong></span> <span class='ocrx_word' id='word_1_194' title='bbox 1497 3881 1571 3934; x_wconf 93' lang='lat' dir='ltr'><strong>con·</strong></span> 
     </span>
     <span class='ocr_line' id='line_1_28' title="bbox 480 3981 1573 4082; baseline -0.001 -25"><span class='ocrx_word' id='word_1_195' title='bbox 480 3981 559 4058; x_wconf 83' lang='lat' dir='ltr'><strong>fidit</strong></span> <span class='ocrx_word' id='word_1_196' title='bbox 569 3983 608 4059; x_wconf 91' lang='lat' dir='ltr'><strong>in</strong></span> <span class='ocrx_word' id='word_1_197' title='bbox 619 4007 766 4082; x_wconf 78' lang='lat' dir='ltr'><strong>pagano</strong></span> <span class='ocrx_word' id='word_1_198' title='bbox 786 3983 944 4062; x_wconf 90' lang='lat' dir='ltr'><strong>homine.</strong></span> <span class='ocrx_word' id='word_1_199' title='bbox 961 3986 1118 4062; x_wconf 88' lang='lat' dir='ltr'><strong>Demum</strong></span> <span class='ocrx_word' id='word_1_200' title='bbox 1129 3995 1370 4064; x_wconf 87' lang='lat' dir='ltr'><strong>cucurremut</strong></span> <span class='ocrx_word' id='word_1_201' title='bbox 1388 3987 1438 4062; x_wconf 84' lang='lat' dir='ltr'><strong>ad</strong></span> <span class='ocrx_word' id='word_1_202' title='bbox 1446 3986 1573 4082; x_wconf 77' lang='lat' dir='ltr'><strong>Regem</strong></span> 
     </span>
     <span class='ocr_line' id='line_1_29' title="bbox 479 4109 1573 4209; baseline 0 -25"><span class='ocrx_word' id='word_1_203' title='bbox 479 4109 863 4207; x_wconf 84' lang='lat' dir='ltr'><strong>inTranssiluaniam,</strong></span> <span class='ocrx_word' id='word_1_204' title='bbox 883 4119 920 4188; x_wconf 93' lang='lat' dir='ltr'><strong>et</strong></span> <span class='ocrx_word' id='word_1_205' title='bbox 939 4112 993 4189; x_wconf 90' lang='lat' dir='ltr'><strong>sic</strong></span> <span class='ocrx_word' id='word_1_206' title='bbox 1011 4111 1109 4209; x_wconf 78' lang='lat' dir='ltr'><strong>Regi</strong></span> <span class='ocrx_word' id='word_1_207' title='bbox 1129 4113 1319 4190; x_wconf 87' lang='lat' dir='ltr'><strong>declarare</strong></span> <span class='ocrx_word' id='word_1_208' title='bbox 1339 4115 1513 4190; x_wconf 81' lang='lat' dir='ltr'><strong>fecerant.</strong></span> <span class='ocrx_word' id='word_1_209' title='bbox 1532 4110 1573 4184; x_wconf 80' lang='lat' dir='ltr'><strong>n</strong></span> 
     </span>
     <span class='ocr_line' id='line_1_30' title="bbox 478 4235 1572 4336; baseline -0.004 -22"><span class='ocrx_word' id='word_1_210' title='bbox 478 4235 562 4314; x_wconf 86' lang='lat' dir='ltr'><strong>Rex</strong></span> <span class='ocrx_word' id='word_1_211' title='bbox 582 4235 776 4315; x_wconf 87' lang='lat' dir='ltr'><strong>deridebat</strong></span> <span class='ocrx_word' id='word_1_212' title='bbox 792 4259 945 4336; x_wconf 89' lang='lat' dir='ltr'><strong>pauper.</strong></span> <span class='ocrx_word' id='word_1_213' title='bbox 976 4237 1059 4316; x_wconf 83' lang='lat' dir='ltr'><strong>Rex</strong></span> <span class='ocrx_word' id='word_1_214' title='bbox 1077 4239 1267 4315; x_wconf 88' lang='lat' dir='ltr'><strong>mandauit</strong></span> <span class='ocrx_word' id='word_1_215' title='bbox 1285 4239 1323 4314; x_wconf 91' lang='lat' dir='ltr'><strong>in</strong></span> <span class='ocrx_word' id='word_1_216' title='bbox 1341 4239 1476 4318; x_wconf 84' lang='lat' dir='ltr'><strong>litteris</strong></span> <span class='ocrx_word' id='word_1_217' title='bbox 1494 4236 1572 4324; x_wconf 83' lang='lat' dir='ltr'><strong>suis,</strong></span> 
     </span>
     <span class='ocr_line' id='line_1_31' title="bbox 477 4361 1572 4462; baseline 0.002 -28"><span class='ocrx_word' id='word_1_218' title='bbox 477 4361 574 4457; x_wconf 89' lang='lat' dir='ltr'><strong>qood</strong></span> <span class='ocrx_word' id='word_1_219' title='bbox 587 4364 666 4460; x_wconf 81' lang='lat' dir='ltr'><strong>jem</strong></span> <span class='ocrx_word' id='word_1_220' title='bbox 685 4363 779 4440; x_wconf 89' lang='lat' dir='ltr'><strong>satis</strong></span> <span class='ocrx_word' id='word_1_221' title='bbox 797 4365 980 4442; x_wconf 81' lang='lat' dir='ltr'><strong>fouisssnt</strong></span> <span class='ocrx_word' id='word_1_222' title='bbox 998 4387 1133 4462; x_wconf 89' lang='lat' dir='ltr'><strong>corpus</strong></span> <span class='ocrx_word' id='word_1_223' title='bbox 1157 4387 1284 4440; x_wconf 88' lang='lat' dir='ltr'><strong>eornm</strong></span> <span class='ocrx_word' id='word_1_224' title='bbox 1312 4365 1402 4442; x_wconf 88' lang='lat' dir='ltr'><strong>estis</strong></span> <span class='ocrx_word' id='word_1_225' title='bbox 1429 4361 1572 4442; x_wconf 89' lang='lat' dir='ltr'><strong>carnali·</strong></span> 
     </span>
     <span class='ocr_line' id='line_1_32' title="bbox 476 4485 1574 4590; baseline 0 -28"><span class='ocrx_word' id='word_1_226' title='bbox 476 4487 557 4563; x_wconf 88' lang='lat' dir='ltr'><strong>hus.</strong></span> <span class='ocrx_word' id='word_1_227' title='bbox 578 4485 700 4582; x_wconf 84' lang='lat' dir='ltr'><strong>Quum</strong></span> <span class='ocrx_word' id='word_1_228' title='bbox 713 4492 794 4588; x_wconf 88' lang='lat' dir='ltr'><strong>jam</strong></span> <span class='ocrx_word' id='word_1_229' title='bbox 812 4491 1019 4568; x_wconf 88' lang='lat' dir='ltr'><strong>sensissent</strong></span> <span class='ocrx_word' id='word_1_230' title='bbox 1037 4493 1188 4590; x_wconf 78' lang='lat' dir='ltr'><strong>pagani,</strong></span> <span class='ocrx_word' id='word_1_231' title='bbox 1200 4493 1295 4590; x_wconf 91' lang='lat' dir='ltr'><strong>quod</strong></span> <span class='ocrx_word' id='word_1_232' title='bbox 1308 4495 1388 4589; x_wconf 89' lang='lat' dir='ltr'><strong>jam</strong></span> <span class='ocrx_word' id='word_1_233' title='bbox 1407 4493 1452 4568; x_wconf 90' lang='lat' dir='ltr'><strong>dc</strong></span> <span class='ocrx_word' id='word_1_234' title='bbox 1471 4489 1574 4568; x_wconf 89' lang='lat' dir='ltr'><strong>Pesth</strong></span> 
     </span>
     <span class='ocr_line' id='line_1_33' title="bbox 477 4615 1575 4719; baseline 0 -31"><span class='ocrx_word' id='word_1_235' title='bbox 477 4615 618 4691; x_wconf 83' lang='lat' dir='ltr'><strong>vellent</strong></span> <span class='ocrx_word' id='word_1_236' title='bbox 637 4619 737 4695; x_wconf 86' lang='lat' dir='ltr'><strong>ultro</strong></span> <span class='ocrx_word' id='word_1_237' title='bbox 763 4619 978 4696; x_wconf 89' lang='lat' dir='ltr'><strong>Danubium</strong></span> <span class='ocrx_word' id='word_1_238' title='bbox 1006 4643 1173 4696; x_wconf 82' lang='lat' dir='ltr'><strong>remeare</strong></span> <span class='ocrx_word' id='word_1_239' title='bbox 1201 4643 1282 4696; x_wconf 91' lang='lat' dir='ltr'><strong>cum</strong></span> <span class='ocrx_word' id='word_1_240' title='bbox 1312 4621 1389 4698; x_wconf 88' lang='lat' dir='ltr'><strong>suis</strong></span> <span class='ocrx_word' id='word_1_241' title='bbox 1408 4619 1575 4719; x_wconf 66' lang='lat' dir='ltr'><strong>&#39;gentihus</strong></span> 
     </span>
     <span class='ocr_line' id='line_1_34' title="bbox 476 4740 1573 4846; baseline 0.005 -36"><span class='ocrx_word' id='word_1_242' title='bbox 476 4740 525 4812; x_wconf 85' lang='lat' dir='ltr'><strong>cd</strong></span> <span class='ocrx_word' id='word_1_243' title='bbox 544 4741 846 4840; x_wconf 80' lang='lat' dir='ltr'><strong>Kelenenielde,</strong></span> <span class='ocrx_word' id='word_1_244' title='bbox 875 4747 939 4842; x_wconf 91' lang='lat' dir='ltr'><strong>qui</strong></span> <span class='ocrx_word' id='word_1_245' title='bbox 957 4745 1145 4824; x_wconf 88' lang='lat' dir='ltr'><strong>habehant</strong></span> <span class='ocrx_word' id='word_1_246' title='bbox 1172 4747 1379 4844; x_wconf 84' lang='lat' dir='ltr'><strong>hospicium</strong></span> <span class='ocrx_word' id='word_1_247' title='bbox 1407 4747 1573 4846; x_wconf 85' lang='lat' dir='ltr'><strong>hospitem</strong></span> 
     </span>
    </p>
   </div>
   <div class='ocr_carea' id='block_1_7' title="bbox 0 0 1624 5228">
    <p class='ocr_par' dir='ltr' id='par_1_8' title="bbox 0 0 1624 5228">
     <span class='ocr_line' id='line_1_35' title="bbox 0 0 1624 5228; baseline 0 0"><span class='ocrx_word' id='word_1_248' title='bbox 0 0 1624 5228; x_wconf 95' lang='lat' dir='ltr'><strong> </strong></span> 
     </span>
    </p>
   </div>
  </div>
 </body>
</html>
