3248 5210
374 457 425 535 76

372 656 425 732 Et
442 677 531 752 ergo
549 663 806 754 permanserat
823 657 862 732 in
880 657 1087 755 palanitate
1105 681 1175 735 sua
1201 657 1249 733 ad
1275 657 1496 734 uenturita·

372 789 449 858 tem
468 781 586 879 Regis
600 780 792 859 Ludouici.

679 1083 1009 1190 (cnuruuuun
1028 1085 1170 1191 xxv).
1321 1041 1329 1067 '⁵

476 1300 599 1393 Quum
626 1303 701 1378 iam
728 1303 812 1380 Rex
836 1304 1048 1380 advenisset
1075 1302 1229 1398 Buden.,
1258 1309 1296 1376 et
1323 1324 1405 1376 cum
1434 1323 1492 1378 ec

309 1455 312 1466 ·
370 1435 451 1505 erat
468 1430 715 1508 cancellarius
740 1430 941 1508 Ladislaus
960 1431 1096 1528 Zalkaj
1122 1429 1167 1504 de
1193 1433 1490 1524 generaretur,

370 1576 485 1650 quare
514 1564 621 1632 crunt
655 1558 814 1634 invicem
851 1559 971 1634 amici.
1009 1557 1087 1634 Iste
1123 1555 1369 1632 cancellarius
1398 1577 1492 1630 cum

371 1679 477 1776 Rege
502 1681 655 1758 definuit
679 1683 880 1762 Ladislaus
908 1684 1175 1778 cancellarius,
1196 1690 1233 1757 et
1250 1681 1316 1756 alii
1335 1681 1491 1756 honesti

370 1803 529 1904 domini,
557 1808 733 1886 videlicet
759 1811 936 1909 precipue
955 1841 1021 1886 cea
1050 1809 1293 1900 Bomonicae,
1323 1813 1365 1881 vt
1382 1813 1491 1882 esset

369 1933 408 2008 in
435 1933 518 2010 loco
548 1959 616 2012 suo
652 1937 827 2036 deputato
855 1939 936 2016 siue
962 1938 1001 2012 in
1027 1937 1196 2036 pristino.
1229 1934 1487 2026 Quamobrem

373 2066 474 2135 essct
501 2083 547 2136 ex
576 2070 689 2158 gente
717 2061 857 2139 Scitica
875 2061 921 2165 ⁴¹),
952 2071 989 2138 ct
1006 2063 1131 2139 senior
1157 2063 1254 2137 inter
1280 2061 1376 2136 alios
1402 2081 1487 2134 ma-

369 2191 502 2280 gnates
521 2195 559 2261 ct
576 2189 680 2265 solus
698 2189 781 2264 Rex
799 2191 1043 2288 proclamauit
1060 2189 1143 2266 sibi.

475 2313 526 2386 Et
542 2313 678 2389 iterum
696 2315 825 2391 eodem
844 2339 941 2393 anno
960 2311 1484 2408 LutterianaadHungariam

369 2437 611 2516 descenderat
628 2464 697 2541 per
724 2443 869 2521 scribas
897 2445 1133 2540 seminando,
1162 2449 1200 2518 ct
1217 2465 1286 2541 per
1305 2441 1482 2536 curiales,

369 2565 432 2662 qui
445 2567 524 2663 Jam
544 2568 694 2665 publice
713 2570 954 2666 publicabant
972 2569 1088 2644 Bude.
1114 2568 1312 2643 Palatinus
1329 2572 1407 2641 tres
1424 2567 1482 2640 fc-

369 2698 471 2768 cerat
488 2696 714 2772 comburere.
734 2696 828 2773 Inde
846 2696 1058 2797 Stephanus
1077 2696 1252 2774 Verbwci
1270 2695 1309 2770 in
1327 2715 1478 2792 possea·

368 2819 472 2896 sione
500 2843 569 2896 sua
597 2829 679 2898 octo
706 2845 842 2919 urgere
869 2829 1108 2923 preceperat,
1137 2829 1174 2896 et
1200 2819 1382 2896 tamenin
1400 2817 1484 2895 dies

368 2948 502 3025 melius
520 2951 722 3028 crescebat.

474 3075 525 3148 Et
544 3099 680 3172 magua
697 3077 799 3153 fama
816 3078 933 3153 ceiam
944 3078 1096 3174 vigebat
1114 3096 1317 3174 preparare
1336 3071 1480 3148 unca-

367 3219 450 3274 rum
479 3198 598 3277 Cesar
626 3203 675 3278 ad
711 3205 952 3280 obsidendum
989 3204 1138 3280 archem
1175 3197 1478 3276 Nausia-Albam.

370 3325 491 3418 Quum
509 3335 676 3426 tempore
694 3329 864 3424 Ladislai
882 3330 1012 3428 Regis,
1024 3337 1105 3406 erat
1118 3331 1266 3425 legatus
1285 3327 1481 3402 Barnabas

368 3453 475 3551 Belaj
496 3453 541 3528 dc
561 3453 845 3552 Transiluania,
871 3465 909 3532 et
926 3457 1121 3557 sepissime
1139 3457 1370 3532 incessanter
1388 3451 1479 3530 scri·

365 3579 480 3658 bebat
507 3579 552 3654 de
581 3580 722 3658 'l'uroia
740 3583 788 3658 ad
815 3583 959 3680 Regem
986 3583 1225 3677 Ladislaum‚
1255 3588 1292 3656 et
1319 3601 1480 3654 commu·

364 3709 464 3786 niter
483 3707 697 3806 Huugaris‚
726 3717 767 3786 vt
784 3711 1023 3810 prouiderent
1049 3711 1270 3809 tempestiue
1290 3708 1338 3784 ad
1356 3733 1480 3786 arcem

367 3835 640 3914 nobilissimam
667 3836 703 3912 N
706 3836 1057 3915 endor-Albensem.
1087 3839 1139 3912 Et
1156 3838 1210 3912 nil
1235 3838 1418 3912 curabant
1435 3837 1480 3916 de

367 3963 480 4042 arche
499 3963 619 4058 dicta3
639 3987 709 4040 nec
727 3965 919 4063 pulueres,
944 3988 1013 4041 nec
1031 3965 1179 4062 ingenis
1196 3987 1265 4040 neo
1283 3987 1367 4040 cum
1386 3966 1480 4040 alia·

366 4092 505 4170 moniis
541 4091 819 4190 prouiedebant.
863 4091 968 4172 Sicut
1003 4093 1181 4190 scriptum
1218 4099 1276 4168 est
1311 4100 1480 4190 tempore

368 4218 533 4296 Emerici
545 4217 713 4313 Therek,
726 4241 836 4316 quum
847 4219 929 4318 ipse
940 4221 1110 4314 tenebat;
1130 4225 1168 4292 et
1184 4223 1270 4316 post
1287 4216 1480 4294 deoessum

365 4344 595 4424 suumsuiad
614 4341 732 4420 filium
751 4367 857 4422 suum
871 4345 1115 4423 descenderat
1127 4344 1289 4422 banatus
1304 4341 1477 4421 Nandor·

365 4471 554 4552 Albensis.
584 4471 636 4546 Et
662 4473 701 4547 in
729 4473 867 4570 agema
893 4473 1135 4574 promisserat
1162 4495 1208 4548 ac
1235 4471 1479 4548 mandauerat

399 4743 433 4812 θ)
452 4739 516 4798 ui·
535 4737 590 4798 kin
610 4741 756 4812 „msticafl
