3248 5210
430 537 482 620 dd

431 741 550 818 citiice
570 746 606 816 ct
624 741 893 817 nileinoeuum
912 741 1020 816 foret.
1041 737 1133 816 Inde
1152 739 1310 838 quidem,
1331 742 1430 841 quod
1446 745 1543 821 belli

432 869 560 944 ductor
597 867 859 944 cruciferorum
896 867 1030 942 fuisset
1067 873 1219 965 eaptus,
1259 868 1321 964 qui
1357 867 1553 947 habebant

431 1016 565 1091 equum
583 995 760 1090 velocem,
781 995 978 1070 currebant
996 1015 1068 1090 quo
1086 999 1306 1092 potuerunt;
1326 993 1471 1092 pedites
1492 999 1551 1071 in-

433 1123 545 1200 simul
563 1121 781 1216 congregati
809 1111 1000 1211 stetissent
1027 1127 1156 1195 contra
1182 1121 1401 1218 vaiuodam,
1426 1127 1466 1196 vt
1485 1147 1552 1198 vs-

435 1269 505 1344 que
524 1249 748 1347 pugillarem
775 1247 957 1324 haberent
985 1270 1066 1323 cum
1086 1269 1141 1322 eo.
1172 1245 1254 1340 Que
1282 1249 1440 1325 vidisset
1466 1251 1553 1324 vai-

434 1375 532 1450 uoda
550 1375 577 1452 J
579 1399 729 1470 oannes,
750 1374 871 1449 adhuc
889 1375 1095 1472 perfectiin
1106 1375 1215 1450 corde
1233 1397 1395 1472 snorum,
1414 1375 1556 1450 iterum

435 1501 524 1576 fecit
542 1503 705 1576 clamare
724 1499 898 1576 terciario
917 1501 966 1574 ad
984 1499 1094 1576 fidem
1113 1523 1230 1598 suam,
1252 1509 1293 1576 vt
1312 1502 1470 1599 quilibet
1488 1511 1557 1578 eat

437 1627 484 1702 ad
515 1625 661 1702 domum
689 1649 795 1703 suam
823 1647 1053 1722 congregare
1087 1629 1302 1703 alimoniam
1328 1627 1377 1703 ad
1404 1629 1555 1705 iemem.

439 1759 548 1848 Quum
577 1759 809 1828 credidissent
830 1748 877 1852 ²¹⁸),
907 1752 1125 1850 inceperunt
1151 1777 1337 1852 pauperes
1367 1778 1449 1831 cum
1467 1757 1555 1851 gla-

438 1878 509 1954 diis
527 1877 674 1953 nobiles
693 1899 758 1952 eos
786 1877 955 1952 sauciare
984 1884 1152 1957 aduolare
1169 1877 1236 1983 **),
1258 1889 1295 1955 et
1313 1881 1449 1957 multos
1468 1882 1556 1956 vin-

437 2011 517 2079 ctos
544 2007 789 2101 perducerent
822 2001 870 2076 ad
906 2004 1116 2080 vaiuodam.
1155 2005 1207 2080 Et
1235 2004 1442 2103 Georgium
1470 2007 1557 2084 dire

437 2131 605 2207 lecerunt
621 2131 662 2238 in
681 2129 841 2206 vinculis
868 2137 1016 2226 tenere,
1038 2138 1075 2205 et
1089 2134 1169 2229 Jam
1188 2131 1233 2206 de
1252 2156 1339 2207 arce
1367 2133 1558 2211 Themes-

437 2277 516 2330 war
535 2263 642 2332 extra
668 2256 846 2354 impetum
873 2257 1041 2330 fecerunt
1059 2258 1107 2332 ad
1125 2259 1308 2356 reliquam
1336 2261 1556 2358 crucigero-

438 2404 530 2476 rnm,
550 2387 588 2455 et
605 2381 741 2456 multos
760 2381 1009 2456 exterminare
1028 2385 1202 2477 agebant.

545 2507 646 2585 Jeme
661 2505 805 2581 cladem
832 2505 976 2603 Georgi
1002 2507 1100 2604 quod
1122 2510 1390 2608 perfecissent,
1411 2518 1449 2586 et
1475 2535 1561 2587 ma-

440 2641 573 2728 gnates
592 2633 857 2729 Hungarornm
875 2637 1094 2731 congregati
1112 2637 1280 2744 fuissent,
1301 2645 1338 2712 et
1355 2639 1562 2714 maximam

440 2761 651 2856 graciarum
671 2761 853 2835 actionem
880 2761 1049 2835 fecerunt
1066 2760 1124 2858 221
1148 2764 1307 2839 vciuode
1333 2763 1562 2841 Transilua-

442 2888 562 2963 niensi
582 2887 680 2986 quod
699 2909 764 2963 eos
783 2887 1030 2963 deliberasset
1049 2887 1094 2961 de
1112 2889 1234 2965 leonis
1252 2890 1371 2964 lance.
1384 2891 1563 2968 Etvalde

429 3014 750 3090 ,commendabant
791 3035 832 3089 se
869 3013 973 3111 ipsos
1010 3013 1280 3112 imperpetuum
1316 3016 1355 3090 in
1392 3017 1565 3095 seruitiis

443 3149 519 3215 eutr
538 3136 643 3240 ***):
668 3137 800 3236 „Quod
826 3139 860 3214 si
888 3137 1061 3232 Regnum
1086 3137 1282 3235 Hungarie
1311 3141 1564 3219 indefectam
1598 3225 1601 3233 Δ

445 3267 611 3343 evenerit
630 3268 769 3362 absque
788 3266 970 3364 principe,
990 3273 1125 3341 extunc
1143 3265 1182 3338 in
1200 3265 1344 3362 Regem
1363 3267 1563 3365 deputabi-

446 3417 526 3470 mus
545 3394 620 3469 the.
650 3391 759 3484 Quod
777 3393 1006 3468 solummodo
1034 3391 1139 3467 trade
1167 3393 1275 3468 nobis
1303 3395 1473 3470 manibus
1492 3419 1565 3471 no-

444 3523 531 3599 stris
551 3520 758 3615 Georgium
768 3519 945 3616 Siculum,
956 3527 998 3594 vt
1008 3527 1210 3598 mactemus
1222 3543 1304 3595 eum
1324 3521 1407 3596 dira
1425 3531 1561 3612 morte,

447 3650 534 3747 quia
562 3649 600 3722 in
628 3647 827 3745 Hungarie
863 3655 1013 3745 strages
1053 3649 1143 3724 lecit
1179 3671 1261 3724 eum
1298 3649 1385 3745 igne
1413 3657 1568 3727 etcum

447 3776 610 3872 gladio.“
633 3774 698 3850 Ait
715 3777 885 3854 Joannes
903 3775 1085 3851 vaiuoda:
1110 3773 1323 3872 ,Georgius
1341 3776 1456 3853 habet
1473 3799 1567 3871 gra-

448 3903 544 3978 ciam
562 3925 629 4002 per
656 3925 872 3999 germanum
900 3924 1022 3978 meum
1051 3903 1220 3978 Petrouit
1244 3903 1314 3978 sub
1342 3901 1415 3978 fide
1433 3903 1506 3977 mei
1526 3915 1571 3978 et

449 4029 559 4128 ipsi.“
592 4029 774 4126 „Domine
793 4029 974 4125 vaiuoda,
995 4029 1049 4105 nil
1068 4030 1139 4104 erit
1157 4029 1206 4104 ad
1224 4035 1456 4125 grauandum
1474 4051 1569 4104 con-

449 4155 610 4234 sciencie
629 4162 775 4249 vestre,
805 4153 1036 4231 solnmmodo
1064 4155 1240 4231 voluntas
1267 4163 1397 4232 nostra
1425 4157 1474 4232 sit
1498 4179 1568 4232 ac-

449 4283 634 4381 ceptabile
654 4281 752 4379 apud
770 4290 934 4358 vestram
944 4281 1299 4378 magnificenciam.“
1322 4283 1374 4356 Et
1383 4281 1437 4357 sic
1446 4281 1572 4359 variis

450 4409 570 4486 modis
597 4407 831 4486 sermonibus
869 4409 1184 4508 deprecabantur,
1215 4416 1253 4484 et
1281 4406 1467 4484 concessit
1495 4407 1569 4484 eis.

502 4639 535 4706 1’)
555 4637 619 4694 Mb
637 4635 691 4694 ker
709 4637 782 4694 tltal
803 4637 894 4710 „qnod
914 4653 1001 4709 quum
1019 4637 1222 4712 negligenter.“

485 4728 537 4794 Ψ)
558 4727 622 4784 Mes
641 4725 694 4784 tte
714 4733 760 4792 „et
778 4725 934 4783 decolare.“
1016 4767 1019 4776 .

467 4817 538 4879 ml
556 4815 620 4874 na
638 4815 693 4874 ase
714 4814 876 4886 „reuma
