3238 5228
381 757 724 916 (oarrrunnn
739 811 978 916 namn).

229 1031 279 1106 Et
297 1034 377 1130 jam
405 1031 529 1108 obsesi
555 1031 693 1108 fuimus
721 1053 789 1130 per
816 1029 1026 1108 Germanos
1044 1031 1083 1106 in
1100 1029 1232 1128 vigilia

126 1156 297 1236 Omnium
325 1157 565 1254 Sanctorum
594 1167 631 1234 et
657 1181 743 1235 mox
771 1158 1042 1236 confessionem
1071 1158 1163 1250 ieci,
1195 1166 1232 1234 et

125 1286 209 1360 veni
246 1285 291 1360 dc
328 1308 414 1362 arce
444 1285 491 1362 ad
520 1286 709 1361 ciuitatem
746 1283 956 1361 Budensem
984 1285 1023 1359 in
1050 1283 1232 1360 cimiterio

127 1413 296 1488 Beate...
318 1413 369 1488 Et
387 1413 474 1489 ilico
502 1411 759 1508 cogitauerunt
785 1431 897 1486 vnum
921 1410 1140 1506 adgentes,
1169 1410 1232 1507 qui

126 1540 294 1632 stabant,
315 1545 352 1615 et
370 1539 476 1616 illum
502 1538 693 1636 globulum
720 1543 961 1635 portauerant
985 1536 1166 1636 imprimis
1184 1535 1232 1611 ad

127 1663 267 1762 Regem
294 1667 478 1746 Joanncm
502 1666 540 1742 in
568 1687 654 1741 arcc
683 1665 859 1740 Budensi.
888 1663 938 1740 Et
955 1664 993 1738 in
1012 1663 1151 1739 circulo
1170 1661 1231 1736 de·

126 1791 347 1869 scenderunt
364 1791 462 1868 inira
480 1792 606 1868 vrbem
628 1791 838 1868 Budensem
856 1791 920 1867 vbi
939 1797 1020 1866 crat
1038 1787 1232 1889 parocbia·

126 1920 170 1996 lis
189 1919 351 1996 ecclesia
378 1917 506 1994 Sancti
533 1917 637 1994 Petri
666 1917 849 2013 martiris,
873 1924 911 1991 et
937 1923 1144 1994 statuerant
1170 1914 1232 1990 de·

126 2069 202 2122 cem
229 2044 451 2121 bombardae
480 2051 662 2143 exparte
699 2043 924 2141 micorum,
959 2051 997 2118 et
1023 2042 1234 2144 papiliones

126 2171 213 2248 belli
231 2171 380 2248 ductore
400 2178 481 2247 erat
498 2176 649 2247 extenta
675 2171 843 2270 proxime
863 2169 991 2247 Sancti
1010 2169 1168 2264 Lazari,
1197 2175 1235 2242 et

127 2297 282 2376 aliorum
310 2298 506 2396 optimates
535 2297 821 2394 Hungarorum,
851 2304 888 2373 et
912 2305 1083 2396 exparte
1102 2294 1232 2392 Logod

128 2425 191 2498 snb
210 2425 390 2502 montorio
419 2424 610 2500 vinearum
638 2423 764 2500 decem
790 2424 1034 2519 bombardae,
1064 2429 1102 2498 et
1119 2421 1232 2496 tercio

127 2551 202 2628 loco
220 2551 316 2628 sicut
346 2551 524 2650 scriptum
543 2550 589 2626 dc
608 2558 715 2650 parte
743 2550 870 2628 Sancti
890 2549 1052 2628 Gerardi
1072 2547 1233 2625 martiris

127 2675 263 2752 directe
289 2699 422 2754 versus
450 2678 614 2754 claustro
644 2676 770 2753 Sancti
801 2676 964 2754 Anthoni
990 2699 1070 2752 oum
1098 2701 1233 2774 magna

127 2803 227 2897 galia
248 2809 285 2877 et
304 2802 396 2880 duas
415 2825 542 2880 nawes
561 2827 717 2900 magnas
735 2826 872 2902 prope,
892 2810 930 2877 ct
948 2825 1076 2879 omncs
1094 2826 1232 2880 nazan-

129 2929 240 3008 doncs
260 2931 359 3006 infra
379 2929 505 3005 Sancti
526 2927 688 3007 Gerardi
707 2929 868 3006 martiris
886 2929 1171 3026 remigaucrant.

231 3055 282 3132 Et
298 3062 430 3155 postca
448 3063 572 3134 noster
590 3080 635 3132 ex
656 3065 762 3156 parte
783 3079 877 3132 vnus
896 3057 1003 3134 miles
1022 3056 1233 3133 Tracianus

127 3206 235 3282 snper
263 3205 397 3281 aquam
416 3183 520 3282 prius
547 3205 679 3258 nomen
709 3181 846 3260 Sisallo
866 3205 948 3258 cum
968 3183 1023 3260 eis
1042 3182 1153 3260 valde
1170 3205 1232 3261 su-

127 3331 190 3406 per
219 3332 355 3407 aquam
384 3309 654 3386 exercebabant
681 3332 775 3385 vnus
802 3311 970 3384 alterum.
1000 3310 1051 3384 Et
1068 3309 1234 3388 Joanncs

129 3433 290 3513 Fillcrns
317 3435 362 3510 dc
390 3441 496 3534 parte
514 3434 797 3531 Alcmanorum,
828 3436 890 3533 qni
917 3435 1102 3534 accepturi
1130 3443 1235 3510 erant

127 3562 228 3659 prins
254 3561 473 3658 quingentos
502 3559 661 3639 florenos
680 3563 749 3638 sub
763 3564 973 3660 juramento
991 3560 1077 3636 fidei
1095 3582 1232 3656 eorum,

128 3697 161 3765 ct
188 3711 300 3787 anper
327 3711 457 3766 manus
494 3687 612 3786 Regis
648 3689 815 3766 fecerant
846 3692 1096 3788 juramentum
1123 3709 1234 3786 super

127 3817 270 3918 rippam
289 3815 355 3892 flui
374 3815 469 3894 Ister
483 3820 592 3915 juxta
611 3815 739 3893 Sancti
760 3815 933 3895 Gerardi.
953 3817 1003 3891 Et
1015 3815 1234 3892 fefellcbant

79 4033 84 4048 .
128 3943 264 4042 Regem
293 3943 496 4036 Joannem,
517 3953 555 4021 et
572 3946 643 4022 iste
672 3943 809 4022 Sisallo
837 3945 891 4020 nil
917 3943 1037 4043 potuit
1060 3941 1115 4019 cis
1133 3939 1232 4039 quic·

129 4093 232 4168 quam
253 4073 398 4166 iacere,
428 4096 496 4148 nco
516 4072 597 4171 ipsc
617 4071 776 4150 aduersa
803 4096 890 4171 pars
910 4069 1178 4148 Germanorum
1197 4076 1234 4143 ct

128 4198 239 4275 nostri
267 4205 374 4273 erant
399 4205 539 4274 tantum
567 4199 701 4294 viginti
729 4199 800 4276 duo
829 4198 1067 4274 manandones
1092 4203 1129 4272 et
1146 4195 1232 4271 sub·

129 4346 293 4422 mergere
329 4324 496 4402 iecerunt
527 4327 636 4422 juxta
672 4325 769 4400 inira
796 4325 941 4424 rippam
975 4329 1110 4398 Visoar
1137 4319 1233 4396 arcis

130 4447 318 4526 Bodensis.
1165 4517 1172 4530 .

230 4576 281 4650 Et
294 4578 370 4672 jam
391 4575 520 4652 obside
552 4578 689 4653 inimus
709 4585 746 4652 et
764 4577 924 4674 vndique
943 4573 1144 4672 angustiati
1161 4573 1231 4648 fni·

130 4723 215 4796 mua,
236 4703 539 4804 quemadmodum
559 4704 792 4782 Betulienses
810 4725 875 4801 per
894 4701 1132 4794 Olciemnm,
1152 4705 1231 4775 nta-
