3260 5226
14 301 18 334 t

14 419 16 470 l

14 651 16 710 l

125 694 216 772 simo
235 717 333 771 anno
352 693 402 771 ad
417 715 555 770 annum
573 693 909 792 quatrcgessimnm
926 693 1150 792 secundum,
1176 719 1238 774 vs·

14 873 16 916 p
126 843 195 919 que
213 820 264 898 ad
281 841 420 898 annum
438 807 641 916 integrum„

229 946 489 1024 Ferdinandus
517 946 665 1045 quidem
692 945 847 1025 sedebat
864 947 904 1024 in
921 969 1008 1024 aroc
1031 945 1239 1044 &trigonio

126 1074 246 1169 Quum
274 1074 370 1151 vidit
395 1072 479 1150 Rex
506 1072 785 1171 Ferdinaudus,
815 1074 913 1174 quod
940 1073 1141 1173 Hungaros
1167 1097 1240 1150 non

124 1201 280 1301 possunt
297 1198 510 1298 perterriti,
529 1200 610 1297 ipsa
628 1206 839 1278 recesserat
856 1199 905 1276 ad
923 1201 1102 1297 visuum,
1122 1207 1160 1277 et
1179 1223 1239 1276 ca·
1281 1273 1284 1280 .

122 1337 262 1405 ctorem
301 1349 411 1405 suum
448 1327 639 1426 permissit
664 1349 894 1427 expugnare.
924 1329 976 1403 Et
1003 1349 1240 1427 nequaquam

124 1456 379 1555 relinquerent
397 1453 515 1532 donec
534 1463 715 1553 occupata
732 1454 840 1532 fieret
856 1479 925 1556 per
944 1453 1168 1534 Germanos.

231 1579 382 1679 Regina
412 1582 575 1659 libenter
593 1582 798 1660 adherebat
815 1584 865 1660 ad
883 1581 1112 1680 Germanos,
1141 1583 1241 1660 etde

124 1707 231 1785 Buds
247 1707 407 1787 libenter
426 1709 619 1806 caluisset,
639 1709 736 1806 quod
746 1711 946 1810 optimates
964 1709 1139 1808 Hungari
1156 1733 1239 1810 per-

124 1835 326 1914 misissent.
356 1833 457 1927 Quia
474 1859 593 1932 genus
612 1837 725 1914 talem
753 1837 1039 1944 generacionem
1057 1837 1243 1916 desiderat

123 1961 272 2060 videre,
306 1963 468 2061 jocundo
507 1965 629 2040 animo
665 1963 842 2062 Hungari
868 1964 1092 2042 redidissent
1118 1985 1271 2060 arcem¹

124 2089 349 2167 Budensem.
377 2087 453 2166 Sed
470 2097 548 2168 tres
566 2113 718 2186 causam
742 2092 931 2171 habebant
956 2092 1144 2189 Hungari.
1173 2091 1242 2169 Vi-

124 2217 280 2314 delicet,
309 2215 404 2314 quod
422 2217 456 2294 si
474 2217 740 2298 intransissent
766 2221 828 2298 vel
855 2219 1147 2297 intromisissent
1164 2239 1241 2312 eos,

125 2352 262 2421 extunc
280 2341 428 2420 demum
445 2367 520 2421 non
538 2347 748 2444 potuissent
765 2347 846 2447 ipse
865 2350 1151 2426 obseruaremus
1170 2343 1242 2421 Oe-

124 2493 248 2549 sarem
267 2468 489 2548 Turoarum.
511 2469 682 2550 Secundo
702 2471 883 2550 Germani
893 2472 1244 2570 Hungarorumnon

124 2598 307 2676 sedissent
334 2598 573 2695 optimatibus
599 2623 721 2699 neque
758 2602 969 2698 nobilibus;
998 2600 1065 2678 sed
1090 2598 1244 2676 insimul

125 2727 304 2805 volebant
330 2723 535 2823 Hungaroa
563 2728 810 2806 exterminare
837 2750 954 2825 usque
973 2726 1022 2802 ad
1039 2725 1242 2802 minimum.

126 2851 286 2950 Tereia,
315 2852 463 2950 quodsi
482 2852 602 2930 Cesar
619 2855 660 2930 iu
678 2854 849 2932 manibus
875 2855 1071 2933 habuisset
1097 2851 1243 2928 Budam

125 3003 194 3079 per
221 2979 433 3078 potenciam
469 3003 595 3077 suam,
629 2981 693 3058 hio
729 2981 847 3058 eciam
883 2981 1044 3058 fuissent
1070 2979 1244 3077 Hungari

127 3112 258 3184 contra
284 3104 466 3185 Cesarem
493 3107 702 3186 Turcarnm
739 3131 854 3187 causa
890 3109 1043 3208 periuri.
1079 3108 1129 3184 Et
1146 3107 1245 3206 quod

127 3231 305 3330 Hungari
322 3233 362 3310 in
380 3257 467 3312 arce
486 3234 595 3311 Bada
620 3235 912 3314 ruminauisseut
938 3237 1036 3315 inter
1054 3257 1118 3333 se,
1147 3233 1246 3334 quod

128 3361 265 3438 melius
283 3367 341 3438 est
358 3361 468 3438 nobis
497 3360 651 3441 Cesaris
670 3363 718 3440 ad
736 3387 869 3442 manus
896 3364 977 3440 eius
1003 3364 1152 3441 soluere
1171 3362 1245 3437 Bu-

128 3485 235 3582 dam,
265 3509 376 3585 quam
403 3485 626 3586 Germanis,
646 3490 711 3588 qui
728 3491 924 3568 inbecilles
942 3513 1017 3567 non
1034 3490 1175 3566 babent
1192 3493 1248 3564 tot

128 3614 348 3694 virilitatem
374 3612 568 3712 Alcman,
600 3616 699 3715 quod
726 3623 900 3716 poterant
932 3619 1133 3694 obseruare
1161 3639 1245 3694 con·

126 3746 187 3820 tra
204 3763 282 3819 eos.

237 3867 290 3944 Et
307 3865 432 3944 statim
453 3869 630 3947 miserunt
648 3875 843 3966 magnates
861 3876 948 3969 post
965 3867 1145 3947 Ocsarem
1165 3872 1247 3945 Zot-

130 4007 192 4072 tas
213 3999 326 4072 Zeb'm
343 3991 390 4097 ⁴¹).
429 3995 569 4074 Forma
595 3997 775 4074 matherie
801 3997 873 4074 hec
901 4003 981 4073 erat
1008 3997 1049 4073 in
1066 3995 1247 4097 epistola:

136 4121 426 4220 „Supplicamus
444 4145 490 4198 ac
507 4119 846 4230 obsecramus‘blffil
871 4123 1116 4223 deprecando,
1137 4143 1248 4219 quam

131 4250 251 4326 cicius
277 4248 405 4326 veniat
443 4247 520 4358 Sua
546 4249 729 4330 Maiestas
765 4248 1010 4328 Cesareaad
1036 4251 1247 4345 obseruare,

132 4376 315 4475 quiajam
333 4377 421 4475 plus
445 4399 555 4475 quam
583 4379 770 4477 integrum
797 4401 935 4454 annum
963 4377 1166 4477 expugnati
1184 4385 1271 4453 sn·'

132 4525 215 4582 mus
233 4525 302 4604 per
320 4501 567 4582 Germanos.“
599 4505 651 4582 Et
668 4502 910 4582 Benedictum
926 4501 1030 4580 Boaa
1054 4503 1249 4602 elegerunt

168 4795 192 4866 ⁶)
212 4789 344 4850 Ktadbbi
361 4789 416 4848 tta
434 4789 508 4848 tlul
525 4789 685 4849 kitdrdlve.
1010 4860 1090 4942 23.
