3260 5226
406 531 499 630 eoo

407 731 607 808 excludere
633 731 724 806 lecit
742 753 807 806 cos
835 729 1038 826 Hungaros
1066 729 1255 828 predictos
1283 731 1440 824 milites,
1465 731 1528 806 vi-

407 859 545 936 delicet
562 857 806 934 Franciseum
834 855 1051 956 ospclnay,
1083 857 1294 934 Emerieum
1323 857 1529 936 Verbvohi

407 987 447 1062 in
475 991 638 1078 tuntum,
668 991 846 1082 quantum
873 991 1048 1080 poterant
1074 1005 1189 1080 vsque
1219 985 1267 1060 ad
1286 993 1442 1062 mortem
1460 1007 1527 1060 ex-

407 1113 565 1212 pugnati
593 1118 699 1188 erant
727 1133 925 1210 pauperes.
954 1110 1181 1188 Franciseus
1204 1110 1412 1218 ⁸Capolnay
1431 1113 1526 1211 opti-

409 1262 490 1342 mus
508 1239 617 1316 miles
636 1237 737 1314 dedit
760 1261 889 1314 casum
909 1237 957 1312 ad
974 1245 1130 1314 mortem
1147 1239 1187 1313 in
1206 1238 1449 1316 confliocione
1467 1261 1528 1316 su·

413 1389 539 1460 arum;
568 1365 764 1442 Emericus
793 1363 997 1441 Verbwchi
1030 1364 1113 1440 Deo
1141 1365 1343 1463 adjuuante
1370 1389 1458 1442 sese
1483 1365 1528 1438 de

410 1492 570 1594 paganis
602 1497 710 1568 extra
738 1513 821 1568 cum
849 1489 963 1566 armis
991 1491 1143 1566 frameis
1172 1491 1251 1567 suis
1278 1491 1473 1590 expediuit
1488 1514 1528 1568 se

410 1618 564 1698 difficile
584 1640 741 1714 magno,
762 1625 801 1692 et
819 1641 894 1692 non
913 1617 1033 1694 omnis
1053 1616 1201 1694 Turnus
1219 1626 1306 1716 post
1323 1618 1446 1716 ipsum
1466 1641 1527 1696 cu·

412 1745 524 1824 debat
551 1745 752 1838 festinare,
791 1745 881 1841 quia
915 1745 1004 1819 ilico
1032 1765 1248 1842 responsum
1286 1745 1426 1822 dabant
1453 1769 1528 1822 seu

412 1873 659 1972 porrigebant
678 1872 733 1946 eis
752 1893 820 1969 per
839 1871 976 1948 collum
996 1893 1135 1948 eorum.

519 1999 658 2076 Postea
687 2020 835 2074 rursum
865 1998 1009 2076 obsedit
1037 2021 1163 2074 eorum
1191 1999 1378 2076 ciuitatem
1409 1999 1529 2097 predi·

413 2138 511 2206 ctam
529 2126 666 2202 Albam
686 2124 899 2220 Regaliam.

397 2315 402 2328 ,
520 2251 629 2345 Quod
643 2254 723 2350 Jam
742 2251 917 2328 viderunt
935 2251 1110 2348 Hungari
1139 2252 1241 2328 eines
1270 2251 1456 2344 ciuitatis,
1485 2254 1529 2326 ti·

413 2387 585 2458 muerunt
611 2379 744 2472 valde,
783 2377 881 2475 quod
915 2378 1105 2454 habebant
1138 2379 1284 2455 nouiter
1311 2377 1532 2478 prophetam

414 2507 656 2586 Lutteristam
693 2528 805 2580 vnum
842 2505 1084 2582 scolasticum
1120 2529 1254 2583 nomen
1290 2504 1531 2582 Ludouicum.

416 2631 490 2725 Qui
519 2633 622 2710 ciues
651 2653 779 2708 omnes
809 2637 917 2704 erant
945 2630 1127 2706 seimctiei
1147 2655 1170 2706 a
1189 2629 1286 2708 Sede
1315 2631 1534 2730 Apostolica

414 2759 655 2836 diuertissent
682 2779 767 2834 sese
796 2764 943 2832 arrecta
970 2755 1043 2832 lide
1061 2754 1235 2834 Oatolica
1253 2757 1534 2834 declinauerant

415 2907 457 2961 se
485 2887 598 2984 ipsos.
629 2881 704 2974 Qui
733 2883 900 2958 latrones
937 2881 1111 2958 dicebant
1138 2882 1176 2958 in
1209 2882 1328 2982 primo
1365 2883 1533 2976 articulo,

416 3012 514 3114 quod
541 3009 809 3088 Sanctissimae
838 3008 947 3108 Papa
965 3031 1041 3084 non
1059 3007 1216 3087 haberet
1243 3011 1386 3087 unllam
1404 3011 1535 3088 autbo-

415 3145 565 3220 ritatem
583 3137 805 3216 absoluendi
816 3137 1013 3236 apecoatis
1032 3137 1227 3236 populum3
1247 3137 1423 3236 secundo,
1439 3138 1535 3236 quod

417 3265 630 3346 eucaristie
668 3269 794 3340 essent
828 3261 989 3358 idolum;
1026 3263 1165 3340 tercius
1202 3263 1398 3358 articulus,
1440 3265 1538 3364 quod

420 3399 540 3474 Beata
567 3393 687 3490 Virgo
716 3391 849 3468 fuisset
884 3391 1090 3468 eommunis
1128 3393 1260 3468 mulier
1287 3393 1386 3470 sicut
1420 3401 1537 3472 mater

419 3523 562 3624 ipsius3
582 3525 737 3618 quartus
756 3519 951 3614 articulus,
971 3519 1071 3614 quod
1075 3520 1257 3618 jejunium
1276 3544 1352 3596 non
1370 3522 1539 3620 precepit

418 3649 457 3724 in
476 3647 698 3744 evaugelio;
719 3645 870 3744 quintus
889 3645 1082 3742 articulus,
1102 3647 1535 3744 qnodsaoraclomosina

419 3775 563 3852 nullum
591 3773 742 3872 prodest
776 3779 863 3870 post
899 3772 1092 3850 decessum
1120 3774 1254 3850 anime.
1293 3774 1345 3850 Et
1382 3775 1535 3874 insuper

421 3902 512 3980 ordo
541 3923 650 3978 sac-ra
678 3899 818 3976 nullius
846 3899 989 3977 valoris
1016 3908 1135 3996 essct,
1165 3909 1202 3977 et
1220 3903 1276 3980 sic
1293 3902 1341 3978 de
1363 3902 1535 3998 singulis,

422 4027 520 4126 quod
539 4051 606 4127 per
625 4027 790 4103 infidiam
820 4033 976 4104 venerat
994 4028 1052 4102 ira
1071 4027 1145 4104 Dei
1165 4051 1278 4130 super
1296 4029 1386 4106 illos
1405 4029 1535 4106 ciuita-

421 4155 591 4234 tensibus
610 4153 811 4232 secundum
831 4153 1061 4252 Apostolum.

529 4281 580 4358 Et
596 4282 696 4381 oepit
714 4279 838 4358 deser
848 4282 928 4380 jam
947 4304 1165 4380 expugnare
1194 4281 1382 4358 ciuitatem
1402 4279 1537 4358 Alban

421 4409 605 4506 Regulam
624 4409 663 4484 in
682 4407 762 4486 dies
780 4408 964 4506 paulatim
983 4467 992 4506 ,
1021 4431 1096 4486 non
1123 4414 1277 4507 repente
1306 4409 1404 4485 sicut
1420 4409 1535 4506 prius.

425 4537 476 4612 Et
493 4535 542 4612 ad
570 4535 734 4612 duellum
763 4535 864 4612 omni
892 4533 951 4610 dic
978 4537 1212 4636 peragebant
1230 4559 1276 4612 ac
1293 4537 1537 4626 exercebant3

423 4668 461 4738 et
480 4683 628 4760 semper
646 4661 820 4758 Hungari
841 4661 1104 4762 opptinebant;
1124 4663 1188 4758 ita,
1209 4661 1308 4760 quod
1321 4663 1401 4758 jam
1420 4659 1537 4738 Cesar

424 4785 631 4864 Turcarom
645 4791 817 4885 jacuerat
835 4791 904 4866 snb
924 4789 1112 4866 ciuitatem
1132 4787 1267 4868 Albam
1286 4788 1481 4886 Regulam,
1502 4795 1536 4864 et
