3238 5228
390 538 467 618 266

391 740 613 840 predassent
639 743 687 818 ab
716 743 772 820 eis
800 744 848 818 ad
876 743 1045 840 modum,
1075 745 1172 822 sieut
1199 743 1413 826 Germanos
1441 771 1509 848 per

390 868 536 945 Tureos
562 870 737 966 prostrati
767 876 885 946 erant.
916 870 965 946 Et
992 873 1172 950 nnnooius
1199 873 1320 950 adhue
1347 875 1509 954 dicebat.

391 993 489 1093 quod
515 995 694 1072 intrasset
714 996 762 1071 ad
781 997 979 1074 ecelesiam
1009 995 1138 1074 Sancti
1159 997 1316 1095 Georgii
1344 1002 1511 1080 martiris

389 1124 429 1198 in
448 1119 626 1216 Chanad‚
656 1127 693 1196 et
722 1123 767 1198 de
797 1124 982 1200 saorastia
1010 1124 1190 1222 quidquid
1218 1127 1429 1204 invenisset
1456 1129 1510 1204 ibi

391 1273 484 1330 vasa
512 1256 692 1345 argentea
720 1265 757 1324 et
784 1271 900 1325 aurea
928 1251 981 1326 ibi
1009 1258 1127 1326 totum
1156 1253 1436 1350 exportauisset
1463 1255 1513 1328 ad

391 1375 644 1471 Zighetwara.
677 1374 799 1467 Quum
827 1377 897 1452 heo
925 1379 1042 1454 verba
1068 1379 1289 1474 protulisset
1315 1383 1511 1470 nunecius,

391 1501 486 1578 dixit
502 1500 584 1576 Rex
605 1529 613 1575 :
639 1502 760 1599 „Eooe
779 1504 873 1579 fatui
890 1505 1075 1601 ¹quomodo
1095 1507 1397 1602 ambulaverunt,
1417 1509 1513 1583 mihi

392 1651 465 1704 non
484 1628 706 1724 eredebant,
726 1637 764 1706 et
782 1653 925 1706 meeum
954 1632 1154 1708 noluerunt
1181 1633 1387 1709 ambulare.
1418 1635 1512 1710 Exi·

391 1755 657 1854 stimanerunt,
688 1759 787 1855 qnod
811 1781 881 1855 ego
902 1760 1103 1836 voluissem
1122 1783 1188 1836 eos
1205 1760 1354 1836 tradere
1372 1761 1413 1836 in
1432 1785 1496 1836 ma

393 1906 461 1960 nus
481 1883 705 1962 Tartarum.
726 1885 813 1962 Non
832 1885 962 1982 doleo,
991 1888 1079 1984 qnia
1107 1887 1140 1963 si
1167 1909 1310 1963 meeum
1327 1909 1447 1984 usqne
1474 1889 1516 1964 in

269 2055 270 2058 κ
393 2009 502 2084 finem
529 2013 845 2108 permansissent,
874 2014 986 2088 istam
1013 2013 1296 2090 tribulacionem
1324 2037 1398 2090 non
1426 2037 1516 2090 sen·

393 2139 551 2234 sissent,
601 2162 721 2236 neque
767 2141 971 2239 perniciem
1008 2141 1106 2216 hano
1142 2165 1217 2217 non
1252 2149 1511 2236 gustassent*

392 2264 533 2341 Eodem
561 2272 727 2364 tempore
757 2268 882 2366 opinIo
911 2291 1048 2364 magna
1076 2275 1158 2344 erat
1176 2267 1275 2343 inter
1293 2289 1383 2360 nos,
1412 2269 1516 2363 quod

393 2415 436 2464 ex
453 2392 623 2488 jussione
649 2391 767 2488 Regis
795 2393 955 2469 Joannis
983 2393 1136 2470 ferisset
1162 2392 1390 2470 Valentinus
1410 2391 1517 2466 The·

393 2517 484 2614 rek;
504 2525 541 2592 et
559 2517 630 2594 heo
648 2526 730 2595 erat
748 2519 823 2594 ista
842 2519 1023 2595 disturbio
1043 2519 1081 2594 in
1101 2519 1161 2594 die
1181 2517 1321 2595 Oonme
1340 2525 1378 2594 et
1396 2517 1516 2594 Dam-

392 2643 494 2738 piani
513 2641 603 2746 mlv.
633 2645 835 2722 martirum.

500 2770 601 2846 Eone
624 2773 704 2868 jam
723 2772 763 2847 in
782 2771 908 2848 sedem
937 2793 1043 2847 snam
1070 2770 1269 2847 reolinauit
1296 2771 1457 2864 iterum;
1477 2781 1518 2846 et

396 2899 500 2974 multi
545 2905 653 2976 erant
694 2898 880 2992 dieentes,
922 2920 1002 2975 oum
1040 2898 1232 2975 ineramus
1266 2898 1305 2974 in
1342 2897 1518 2988 Polonia,

272 3041 277 3052 ·
394 3025 492 3121 qnod
510 3047 698 3123 nunqnam
716 3025 889 3102 resedere
907 3031 1030 3122 potest
1053 3047 1138 3102 sese
1157 3025 1197 3098 in
1214 3023 1303 3102 sede
1322 3024 1520 3121 Regiestis

396 3151 566 3227 Buden..
607 3153 659 3228 Et
685 3176 772 3228 mor
799 3151 959 3228 ducenta
986 3151 1089 3228 viros
1114 3151 1273 3250 optimos
1300 3149 1448 3248 pedites
1468 3151 1519 3226 ad

393 3285 537 3377 portam
565 3280 666 3357 areis
694 3279 837 3356 Buden.
868 3278 1137 3373 constituerat3
1166 3277 1357 3375 quiajam
1385 3301 1518 3354 omnes

395 3406 513 3484 anei
550 3407 721 3482 exierunt
758 3405 805 3482 de
838 3429 925 3483 aree
952 3413 990 3482 et
1016 3406 1201 3482 neminem
1237 3403 1353 3478 alium
1390 3409 1521 3500 preter

310 3587 314 3592 .
396 3535 580 3630 Turnum,
608 3531 730 3610 sedin
749 3533 904 3608 oinitate
923 3531 1089 3608 Budensi
1107 3531 1210 3628 pleni
1228 3537 1337 3608 erant
1354 3529 1520 3627 penitus.

396 3659 516 3736 Cesar
543 3658 752 3736 Turturum
781 3681 855 3734 non
883 3656 1094 3733 confidebat
1118 3655 1217 3755 apud
1235 3655 1423 3734 Joannem
1442 3653 1520 3731 Re·

395 3809 500 3882 gem,
521 3792 559 3860 et
576 3792 730 3884 propter
758 3783 901 3881 Regem
929 3785 1049 3862 eniam
1067 3783 1116 3860 ad
1134 3781 1413 3860 custodiendum
1432 3805 1522 3880 per-

395 3911 549 3990 miserat
567 3913 790 4009 qningentos
810 3912 973 4008 Turnus,
996 3885 1034 3986 et
1051 3911 1089 3986 in
1108 3908 1227 3986 Pesth
1245 3907 1432 3986 similiter.

652 4233 985 4338 (CAPITULUM
1014 4229 1254 4334 LXXVIII).

504 4453 695 4533 Interdum
724 4455 827 4529 venit
853 4473 1051 4553 proeursor
1070 4451 1115 4525 de
1144 4451 1213 4525 sub
1233 4447 1385 4525 Vienna
1403 4465 1428 4518 a
1447 4441 1523 4519 Ce-

398 4605 483 4660 sare
512 4583 642 4659 Zobnn
671 4581 790 4657 Zelim
809 4577 844 4682 *)
873 4587 910 4655 et
938 4579 1145 4655 obtullerat
1173 4575 1221 4650 ed
1250 4593 1380 4649 manns
1407 4592 1523 4644 vnum

434 4835 464 4896 *l
484 4813 599 4888 I'lrtetik
622 4831 658 4886 ll.
680 4829 807 4885 Solimon
826 4826 909 4882 to'rdk
929 4823 1056 4880 csaszdr.
