3238 5228
381 534 458 615 286
482 533 494 566 *

382 739 420 812 in
431 737 575 835 pugillo
596 734 754 808 Paulum
774 732 898 830 Nagh,
921 733 1125 831 Hungarns
1143 743 1236 832 erat,
1256 738 1394 836 optima
1412 761 1513 836 per-

383 887 475 939 sona
495 869 575 936 erat
592 859 736 955 virilis;
765 883 891 936 casum
912 861 1064 937 dederat
1082 861 1127 937 de
1146 885 1241 960 equo
1260 885 1348 959 suo,
1379 885 1512 962 equus

382 989 532 1086 fugerat
560 986 608 1062 ad
635 994 818 1062 castorem
845 985 1132 1071 Alemanornm.
1168 993 1206 1064 et
1233 987 1347 1066 anei
1375 990 1511 1090 ipsum

383 1113 593 1212 pedestrem
630 1111 861 1188 deducebant
890 1113 937 1188 ad
965 1113 1108 1189 Budam
1135 1123 1172 1191 et
1199 1115 1321 1214 ipsum
1349 1115 1510 1193 decola-

383 1247 516 1316 nerant
543 1239 703 1314 Paulum
730 1237 857 1334 Nagh.
886 1237 936 1314 Et
964 1262 1099 1338 eorpus
1127 1241 1208 1318 eius
1236 1263 1332 1318 vnus
1350 1241 1511 1319 'Furens

385 1366 627 1460 custodiebat,
650 1364 702 1439 ita
722 1387 792 1460 ego
812 1364 902 1442 vidi.
924 1365 975 1440 Et
994 1373 1166 1466 exparte
1185 1367 1510 1446 Turearumvnus

385 1514 511 1569 casum
530 1491 682 1568 dederat
699 1489 748 1565 ad
764 1497 913 1565 terram.
934 1489 1050 1566 Turni
1068 1499 1310 1591 portauerunt
1319 1493 1508 1588 Turnum,

386 1641 519 1716 equum
538 1640 644 1694 suum
670 1623 797 1716 partes
815 1614 990 1692 Alemani
1017 1617 1154 1694 milites
1172 1627 1375 1719 rapuerunt
1393 1629 1432 1695 et
1451 1621 1509 1695 ad

386 1753 568 1823 castorem
596 1744 837 1820 deduxerunt.
866 1743 926 1820 Ita
953 1745 1045 1820 adeo
1071 1745 1215 1822 demum
1235 1747 1371 1824 milites
1389 1747 1506 1823 Hun-

386 1895 499 1968 garos
526 1896 600 1948 non
628 1873 807 1948 mitebant
833 1870 969 1967 Turni,
1000 1873 1088 1968 quia
1116 1871 1218 1948 dubii
1244 1881 1350 1949 erant
1367 1881 1505 1952 eontra

387 2020 470 2093 eos,
499 1997 690 2075 solumodo
723 2019 870 2096 semper
898 1995 1014 2073 'l'nroi
1042 1999 1194 2076 exibant
1212 1999 1260 2075 ad
1278 1999 1427 2097 Logod,
1457 2011 1501 2076 et

387 2125 545 2202 libenter
564 2149 710 2225 semper
727 2123 919 2202 habebant
937 2123 1100 2202 duellum
1120 2149 1201 2203 oum
1221 2128 1295 2224 ais,
1316 2151 1389 2204 non
1408 2151 1501 2204 oon·

387 2251 550 2329 fidebant
567 2254 715 2353 penitus
734 2251 941 2348 Huugaris.

493 2379 657 2456 Meuium
685 2378 910 2455 Budensium
938 2385 1110 2478 exparte
1136 2381 1271 2457 domini
1305 2379 1500 2458 Franeisoi

389 2501 541 2602 Orzagh
569 2505 734 2582 totaliter
757 2504 804 2580 ad
831 2511 967 2581 terrem
986 2504 1247 2601 destruebant,
1276 2505 1342 2582 sed
1359 2513 1499 2584 turrem

388 2653 574 2729 nunquam
592 2639 790 2731 potnerunt
809 2630 854 2706 de
872 2631 1057 2708 maehinis
1075 2631 1301 2731 dirumpere,
1329 2640 1404 2708 tam
1422 2633 1497 2709 ior·

387 2759 438 2835 tis
457 2765 547 2834 erat.
569 2755 736 2855 Cumque
755 2756 878 2834 diruta
891 2758 971 2854 jam
990 2765 1072 2833 erat
1090 2757 1392 2866 muruanden.,
1412 2783 1495 2834 mox

390 2883 569 2962 Germani
588 2884 636 2960 ad
652 2886 855 2984 imppetnm
882 2889 1062 2959 venerunt
1088 2882 1243 2982 pedites.
1273 2881 1395 2977 Quum
1414 2907 1496 2962 sen·

389 3017 516 3090 serant
533 3011 678 3087 venien.
698 3009 814 3086 'Furni
834 3017 872 3084 et
889 3007 1089 3104 Tranioni,
1114 3010 1274 3086 letanter
1291 3033 1404 3112 super
1421 3019 1497 3088 sta-

388 3141 479 3214 bant
506 3160 702 3235 aggerem,
732 3144 769 3213 et
796 3135 932 3214 multos
960 3136 1133 3213 curiones
1161 3137 1318 3236 optimos
1336 3137 1381 3214 de
1401 3135 1496 3215 Ger·

390 3266 510 3342 manis
536 3264 821 3359 interfecerunt,
850 3271 888 3338 et
915 3261 1039 3361 capita
1066 3284 1135 3339 sun
1153 3285 1265 3362 super
1283 3264 1413 3341 hastas
1431 3287 1497 3364 np-

389 3391 619 3494 pendebant,
648 3399 685 3466 et
703 3391 879 3468 adauoter
897 3391 1089 3467 minabant
1107 3412 1189 3466 eum
1206 3391 1328 3468 nudiis
1346 3391 1498 3468 frameis

390 3521 468 3598 suis
496 3517 716 3598 Germanos.
754 3517 883 3593 Ereoti
920 3518 1069 3594 stabant
1095 3539 1207 3618 super
1238 3541 1417 3616 aggerem
1443 3519 1500 3595 nil

389 3650 579 3725 terrebant
596 3647 733 3742 Turni,
752 3668 872 3743 neque
891 3644 1092 3740 Traoiani3
1119 3645 1332 3742 gaudebant
1349 3645 1394 3721 de
1412 3669 1498 3746 spo·

390 3774 453 3852 liis
473 3799 609 3870 eorum,
630 3773 717 3873 quia
726 3773 766 3848 in
781 3771 943 3848 mentina
962 3794 1089 3848 eorum
1107 3771 1348 3850 inveniebant
1365 3793 1500 3850 aureos

392 3899 561 3980 florenos.
590 3901 665 3978 Pro
690 3898 827 3976 miliaie
854 3894 1033 3974 honorem
1061 3895 1176 3973 'Puroi
1195 3897 1341 3995 quidem
1358 3899 1498 3995 gaude

390 4031 492 4106 bant.
511 4029 596 4107 Vno
624 4025 750 4104 Turno
777 4025 890 4101 dabat
917 4021 1083 4101 dominus
1112 4021 1229 4101 Gritti
1255 4031 1338 4102 ueto
1365 4047 1500 4102 aureos

392 4159 552 4237 florenos
572 4183 581 4254 3
601 4155 665 4234 sed
684 4154 812 4253 nequit
830 4152 1020 4251 aeeipere,
1048 4151 1114 4228 sed
1132 4151 1305 4229 dicebat:
1328 4155 1500 4252 ,Bratny

392 4287 494 4365 dabit
512 4285 603 4362 mihi
621 4281 741 4360 Cesar
759 4279 1002 4357 duroamm.“
1035 4277 1085 4354 Et
1112 4279 1228 4356 multa
1246 4301 1404 4378 corpora
1421 4279 1499 4356 vidi

388 4411 547 4513 jacendo
565 4411 603 4487 iu
620 4409 726 4490 losse
753 4405 914 4483 oiuitatis
940 4405 1060 4501 nuda,
1088 4405 1127 4480 in
1153 4405 1222 4482 illa
1248 4403 1308 4480 die
1326 4403 1500 4481 Alemani

393 4541 489 4616 male
506 4535 733 4638 triumphum
756 4533 975 4610 habuerunt.
1002 4531 1134 4610 Altera
1152 4531 1212 4608 die
1230 4531 1275 4607 de
1294 4529 1425 4628 Logod
1443 4531 1499 4608 in·

394 4672 569 4764 ceperunt
587 4643 631 4738 de
651 4659 812 4758 ingeniis
830 4659 910 4736 suis
927 4659 1084 4735 menium
1104 4659 1267 4734 ciuitatis
1277 4657 1498 4758 dirumpere.

394 4789 454 4867 Ita
479 4791 601 4868 iraeta
628 4795 709 4866 erat
746 4809 872 4869 murus
898 4784 1061 4864 ciuitatis
1097 4783 1280 4861 Budensis
1307 4805 1426 4882 nsque
1453 4783 1501 4860 ad
