3226 5220
404 469 480 552 194

401 696 469 772 per
488 672 514 750 J
516 695 673 748 oannem
693 671 789 749 Doci
810 679 847 748 et
864 695 933 771 per
958 669 1201 749 Franciscum
1231 667 1355 768 Bodo,
1387 677 1425 748 et
1454 693 1515 748 ca·

397 800 575 874 lumniam
594 799 745 876 infamie
765 823 785 875 e
806 805 935 876 contra
954 821 1038 874 eum
1058 806 1333 898 apposuerunt:
1359 799 1432 898 ,Et
1460 799 1514 874 in-

399 949 512 1026 super
531 927 694 1004 infidelis
714 953 756 1004 es
774 936 904 1006 contra
922 928 1068 1023 Regem
1086 927 1113 1004 J
1115 950 1293 1024 oannem,
1314 929 1404 1024 quia
1435 928 1519 1026 ipse

399 1054 657 1149 estlcgitimus
676 1053 760 1128 Rex
780 1063 866 1153 post
885 1053 1079 1130 decessum
1099 1053 1282 1130 Ludouici
1302 1054 1421 1151 Regis
1438 1055 1525 1130 siue

400 1202 466 1276 per
492 1180 551 1255 ias
570 1181 650 1256 siue
678 1203 746 1278 per
773 1181 928 1280 nephas.
959 1179 1020 1255 Tu
1044 1203 1204 1281 nemppe
1232 1181 1431 1280 episcope,
1461 1181 1520 1254 ie-

400 1305 485 1381 cisti
504 1307 733 1382 sedicionem
751 1307 849 1382 inter
867 1309 986 1385 bonos
1005 1305 1136 1384 fideles
1156 1305 1524 1404 Regiehiajestatis,

398 1431 574 1528 gaudium
593 1431 759 1508 incitasti
772 1455 1056 1531 percampanas
1074 1431 1242 1528 trahem,
1263 1432 1365 1508 etsie
1377 1431 1423 1506 de
1443 1429 1519 1502 ali-

398 1559 467 1634 is.“
482 1559 646 1635 Posthec
666 1567 775 1634 nocte
795 1560 1011 1659 episcopum
1029 1579 1236 1658 pauperum
1246 1561 1355 1634 ambo
1365 1559 1521 1634 fuerunt

399 1692 560 1761 tortores
587 1685 815 1762 l'ranciscus
845 1685 948 1761 Bodo
978 1693 1015 1759 et
1042 1683 1206 1762 Ioannes
1235 1684 1522 1780 Doci,—-quia

400 1809 583 1889 Germani
602 1814 656 1888 ita
675 1814 922 1912 appellabant
941 1836 1024 1888 eum
1043 1813 1269 1889 Franciscus
1289 1811 1383 1886 Bolo
1404 1819 1442 1888 61
1451 1811 1519 1886 be-

399 1961 463 2035 nc,
485 1940 573 2036 quia
593 1963 667 2014 non
686 1939 875 2016 decuisset
893 1940 939 2015 de
961 1939 1177 2015 condicione
1197 1962 1266 2014 sua
1293 1946 1400 2014 extra
1429 1963 1521 2036 pas-

397 2087 477 2141 sum
496 2089 605 2142 suum
622 2066 773 2164 habere,
786 2091 912 2165 —per
922 2067 1133 2143 testiculam
1144 2073 1182 2140 61
1190 2089 1259 2164 per
1268 2065 1347 2140 alia
1366 2063 1522 2140 diuersa

399 2193 643 2288 ignominiam
662 2218 776 2294 super
795 2218 879 2270 eum
907 2195 1085 2272 iecissent
1111 2201 1296 2271 tormenta
1324 2195 1378 2268 ita
1406 2191 1518 2288 adeo,

399 2321 496 2416 quod
514 2323 678 2399 secunda
689 2323 749 2398 die
761 2324 959 2422 episcopus
970 2322 1160 2420 predictus
1179 2321 1262 2399 dira
1281 2328 1399 2397 morte
1418 2343 1514 2396 exa-

399 2447 491 2522 lauit
519 2449 564 2522 de
593 2448 744 2544 mundo,
775 2448 876 2523 etde
896 2447 1004 2524 domo
1023 2471 1091 2526 sua
1119 2455 1251 2524 cuncta
1278 2448 1522 2525 abstulerunt

399 2579 436 2645 et
463 2573 781 2672 depredauerunt,
812 2575 986 2672 quicquid
1012 2583 1187 2674 poterant
1214 2575 1394 2650 invenire.
1434 2571 1521 2648 Hec

396 2725 478 2777 cum
498 2702 689 2779 audissent
707 2701 927 2794 Nadelien.,
947 2711 1026 2777 tam
1045 2703 1254 2801 asperrima
1272 2709 1309 2777 et
1328 2701 1517 2778 dedecora

400 2838 555 2906 mortem
575 2837 612 2904 61
630 2831 844 2928 passionem
863 2827 1059 2906 habuisset
1077 2830 1277 2929 episcopus
1302 2827 1520 2906 Albe-Giu-

396 2956 533 3054 lensis,
554 2965 591 3030 61
609 2963 849 3032 surrexerant
868 2963 998 3032 contra
1017 2955 1256 3054 Majestatem
1275 2977 1391 3050 snam,
1413 2955 1516 3052 quod

396 3091 471 3156 tam
491 3083 706 3158 deformiter
725 3083 912 3178 egissent,
934 3089 971 3156 61
999 3083 1081 3182 ipse
1109 3105 1220 3158 66666
1248 3104 1338 3159 6666
1364 3083 1520 3158 tenebat

398 3209 445 3286 ad
473 3212 652 3286 foramen.
692 3209 812 3301 Quum
850 3211 1041 3286 sonuisset
1068 3212 1108 3286 in
1135 3211 1267 3308 gurgis
1296 3211 1395 3306 suis,
1425 3233 1517 3286 vere

396 3337 565 3414 Joannes
600 3336 713 3412 boida
750 3361 823 3412 non
861 3338 1016 3412 multum
1046 3337 1251 3435 prolinauit
1279 3362 1320 3413 se
1347 3337 1386 3412 in
1414 3337 1518 3412 Alba

397 3461 610 3564 Gynden,
631 3463 698 3539 sed
717 3463 843 3540 statim
862 3487 1017 3563 passum
1036 3463 1168 3540 hahuit
1187 3464 1236 3540 ad
1255 3461 1414 3564 Gyalw,
1447 3488 1513 3538 ve-

396 3592 451 3665 nit
486 3591 579 3668 vnde
608 3590 656 3666 ad
684 3590 887 3688 Thasnad,
918 3600 955 3666 61
983 3592 1053 3667 hcc
1081 3601 1186 3668 actus
1215 3591 1336 3668 adhuc
1364 3599 1446 3667 6661
1474 3591 1515 3664 in

395 3741 522 3794 mense
560 3717 735 3794 Octobris
763 3726 800 3792 61
829 3717 1054 3794 Novembris
1090 3718 1187 3794 idem
1215 3741 1312 3796 anno
1344 3715 1445 3794 1527
1475 3720 1516 3794 in

394 3853 528 3919 octaua
538 3843 713 3921 Omnium
733 3842 952 3920 Sanctorum
964 3852 1001 3920 61
1011 3843 1117 3922 Galli
1137 3845 1377 3922 confessoris.
1394 3843 1514 3940 Ergo,

394 3969 531 4046 domini
560 3969 851 4068 Oassouienses,
883 3973 937 4048 nil
965 3971 1222 4071 premeditatis
1250 3971 1359 4048 etde
1387 3970 1514 4047 hacte-

396 4121 465 4175 nus
483 4099 625 4174 nullam
654 4097 922 4174 confidenciam
952 4098 1125 4175 habeatis
1153 4097 1253 4197 apud
1279 4097 1402 4176 Janus
1431 4099 1514 4195 baj-

394 4223 500 4320 dam,
520 4233 557 4300 et
575 4233 727 4324 tesuper
746 4227 853 4302 vohis
873 4226 1084 4302 altissimus
1104 4225 1208 4302 dedit
1225 4225 1446 4302 thesaurum
1466 4225 1516 4300 ad

395 4373 525 4429 manus
543 4359 691 4428 vestras
709 4351 850 4430 Joanni
870 4353 979 4428 hoide
999 4361 1037 4428 61
1057 4376 1139 4428 cum
1157 4352 1338 4428 thezauro
1358 4375 1427 4428 suo
1445 4376 1514 4452 po·

394 4478 500 4556 testis
519 4485 667 4576 gentem
697 4501 926 4594 congregare
956 4503 1024 4579 pro
1053 4480 1270 4556 defensione
1300 4487 1447 4576 vestra;
1477 4488 1516 4554 et

394 4606 547 4704 insuper
570 4603 653 4681 Rex
682 4605 943 4684 Ferdinandus
963 4607 1035 4684 erit
1053 4629 1134 4684 cum
1154 4607 1297 4684 auxilio
1317 4628 1410 4704 erga
1429 4629 1512 4704 vos,

394 4741 430 4808 et
450 4736 514 4807 wlt
533 4733 671 4810 donare
691 4735 914 4822 adhuccum
934 4736 1124 4833 aliquibus
1144 4736 1284 4814 villis.“
