3248 5210
1171 485 1225 570 57

129 715 312 794 personam
324 695 553 773 venerabant
568 703 670 773 totns
687 669 820 793 digus,
840 713 954 771 curuo
972 692 1116 792 poplite
1134 690 1223 769 odo·

129 824 249 899 rabant
266 845 348 898 enm
367 844 476 899 cruce
493 845 579 900 enm
598 831 646 920 et,
665 823 811 920 gratias
838 823 1043 898 clamantes
1061 821 1226 918 agebant

22 979 23 988 Ν
127 949 166 1024 ei.
218 949 267 1024 Et
302 972 385 1025 cnm
420 971 558 1048 magna
585 972 723 1050 pompa
750 947 994 1027 descenderat
1011 947 1060 1024 ad
1077 947 1224 1024 domum

126 1097 219 1150 snam
237 1073 467 1173 Budensem;
496 1084 535 1184 ct
561 1074 718 1175 posthec
746 1081 941 1172 magnates
960 1073 1009 1150 ad
1026 1073 1223 1173 prandium

127 1202 273 1280 inuitare
291 1203 393 1300 feeit,
413 1211 451 1280 et
468 1203 507 1279 in
525 1203 646 1281 tribus
668 1203 798 1281 diebus
816 1203 963 1302 pransit
981 1225 1058 1279 eos.

22 1429 23 1432 Ν
218 1328 268 1404 Et
286 1336 370 1406 erat
387 1328 519 1407 eodem
535 1335 703 1430 tempore
721 1351 820 1406 anno
839 1329 880 1405 in
899 1303 1221 1406 confinibus'vnus

126 1455 222 1532 miles
239 1456 389 1533 nomine
408 1454 599 1553 Georgius
617 1457 758 1554 Zeke13
787 1463 825 1532 et
844 1455 1067 1548 furibundus
1094 1454 1224 1531 eodem

22 1679 23 1692 Ν
125 1605 212 1659 anno
238 1603 322 1660 enm
349 1605 423 1659 vno
441 1582 574 1661 'Purko
602 1583 767 1661 ducllum
793 1585 931 1662 abebat
957 1584 1026 1660 sub
1050 1581 1223 1660 Nandor·

126 1709 213 1786 nloa
228 1711 268 1786 in
286 1712 412 1788 carnis
429 1712 603 1810 priuium.
633 1711 685 1786 Et
702 1717 783 1788 erat
800 1709 1031 1788 isteibrcns
1048 1709 1221 1786 famosis·
1289 1714 1292 1724 ’

125 1838 228 1914 simus
246 1839 286 1914 in
306 1861 394 1916 arca
412 1838 602 1936 Zendere,
623 1847 660 1915 et
677 1860 785 1915 nemo
805 1861 853 1914 en
871 1838 1099 1915 militaribus
1117 1836 1224 1914 Hun-

125 1985 287 2058 garorum
305 1967 543 2065 presumebat
561 1966 754 2064 accipere,
784 1965 1013 2042 solummodo
1033 1963 1226 2061 Georgius

22 2163 23 2176 ,
126 2087 274 2168 Siculus.
321 2093 398 2169 Pro
425 2099 529 2169 recta
557 2091 630 2168 fide
648 2092 796 2169 Turnus
821 2094 974 2169 tenebat
991 2091 1100 2174 fidem
1119 2113 1225 2168 suam

126 2215 315 2294 dacumeti
333 2217 534 2316 prophete;
558 2219 625 2294 ille
644 2217 836 2316 Georgius
852 2218 1042 2318 predictus
1060 2219 1224 2296 affirma·

124 2345 179 2419 bat
194 2341 278 2422 esse
297 2344 408 2422 fidem
426 2345 519 2424 Jcsn
539 2344 685 2423 Christi
714 2331 785 2423 filii
811 2347 974 2442 uirginis
992 2345 1127 2424 Mario.
1174 2345 1226 2422 Et

22 2453 24 2460 ¹
124 2479 385 2570 proposuerunt
402 2472 500 2549 diem
518 2473 786 2570 osculationis,
816 2495 971 2570 cumque
989 2473 1070 2550 dics
1087 2497 1224 2573 propo·

124 2598 207 2675 sitos
228 2601 308 2697 jam
335 2601 696 2700 appropinquasset,
735 2601 775 2676 in
806 2623 937 2700 campo
965 2601 1034 2678 sub
1052 2599 1225 2677 Nandor·

126 2721 212 2800 oona
247 2734 427 2826 ceperunt
461 2727 561 2804 inter
589 2751 631 2805 se
658 2749 773 2826 snper
802 2750 917 2824 equos
945 2727 1104 2824 quilibet
1140 2749 1224 2805 sese

125 2873 300 2930 exeruere.
356 2853 408 2929 Et
435 2854 592 2952 postheo
610 2853 757 2930 Turnus
785 2853 889 2930 stetit
916 2876 962 2928 ex
989 2861 1097 2952 parte
1117 2853 1223 2930 Hun-

124 2979 228 3076 gnris,
247 2979 356 3056 miles
374 2979 569 3078 Hungaris
587 3003 635 3056 ex
653 2987 761 3078 parte
780 2979 1001 3057 'l’urcarum
1039 2980 1086 3056 In
1103 2981 1225 3058 vinem

125 3105 295 3201 equaliter
312 3127 397 3182 cnm
415 3105 536 3184 hastis
553 3117 767 3204 currerunt,
799 3115 836 3184 et
862 3115 967 3184 reeta
985 3107 1078 3185 fides
1095 3116 1225 3187 nostra

125 3227 414 3309 Christianorum
432 3233 521 3310 ilico
540 3235 749 3333 approbata
768 3243 859 3331 erat,
888 3236 978 3333 quia
995 3237 1105 3314 miles
1125 3237 1225 3314 cbri-

124 3359 255 3435 stinnns
274 3357 465 3455 Georgius
484 3359 650 3438 'Purcum
678 3363 878 3439 uulnerauit
905 3371 944 3440 et
967 3385 1116 3441 manum
1134 3365 1224 3441 dex·

124 3487 228 3560 teram
255 3486 424 3563 totaliter
452 3507 535 3562 cum
562 3487 706 3565 framea
733 3511 804 3566 sua
839 3491 1021 3588 abscidit,
1062 3499 1099 3568 et
1125 3491 1224 3589 Regi
1251 3544 1260 3560 -

126 3605 279 3688 Bobemo
299 3611 348 3687 ad
366 3611 510 3688 Budam
528 3617 815 3712 representauit.
862 3618 914 3694 Et
940 3617 1024 3695 Rex
1052 3641 1135 3696 eum
1158 3619 1223 3696 du-

126 3741 230 3816 centis
248 3741 375 3818 aureis
395 3739 533 3817 donare
552 3743 651 3837 fecit,
672 3750 709 3819 et
727 3745 897 3843 precepit
924 3745 1103 3844 episcopo
1122 3743 1223 3822 Gho-

126 3865 284 3943 oodiensi
302 3866 463 3944 Nicolao
483 3865 623 3965 Ohaki,
643 3877 685 3945 vt
701 3871 776 3948 sibi
794 3871 976 3948 redderet.
1016 3869 1224 3968 Georgium

22 4021 23 4026 ¹
127 3991 267 4071 militem
295 3995 410 4072 aulici
429 3995 550 4094 Regie
569 3997 783 4098 Majestatis
810 3999 993 4076 duxerant
1019 4001 1068 4077 ad
1095 4001 1222 4101 hospi·

22 4211 23 4222 ,
126 4119 207 4196 oium
225 4123 395 4222 episcopi
413 4125 594 4222 predicti,
625 4133 663 4202 et
689 4127 888 4226 episcopus
908 4129 1006 4205 male
1025 4129 1147 4228 ipsum
1165 4130 1222 4204 in-

126 4265 264 4346 crepare
283 4249 392 4345 fecit;
412 4257 450 4326 et
468 4252 576 4329 miles
595 4253 706 4330 valde
724 4254 783 4330 ira
801 4263 1016 4352 commotus,
1036 4249 1221 4360 quiam-pv·

22 4471 23 4480 ,
126 4373 182 4449 toli
196 4375 304 4454 modo
323 4378 481 4454 militem
499 4378 693 4458 dedecoris
721 4382 849 4459 verbis
876 4404 984 4458 nemo
1003 4384 1224 4462 contulisset

22 4495 23 4506 *
127 4498 166 4574 ei.
205 4503 256 4579 Et
282 4505 388 4581 venit
414 4505 461 4584 ad
488 4507 654 4604 legatum
672 4508 991 4606 Strigonicnsem,
1021 4517 1059 4587 et
1086 4511 1224 4611 optimo

129 4625 289 4707 uolutauit
305 4631 392 4728 sibi,
413 4639 450 4710 et
468 4657 642 4732 magnam
661 4637 852 4734 querelam
870 4637 1002 4737 injecit
1019 4637 1105 4735 sibi,
1124 4639 1225 4736 quod

130 4745 198 4832 Rex
212 4757 449 4858 promisisset
476 4760 566 4841 dare
593 4785 661 4864 per
679 4762 818 4841 dictum
836 4763 1054 4868 episcopum
1073 4763 1222 4846 Ghana·
