3248 5210
419 678 476 774 oi,
505 682 543 752 et
560 698 661 752 more
689 700 816 755 eorum
835 679 874 755 in
892 679 1046 756 fratrem
1074 681 1267 780 copulavit
1293 681 1363 758 snb
1384 677 1477 773 fide,
1500 687 1541 753 et

418 804 588 882 dominus
611 804 774 880 vaiuoda
801 805 936 882 adesiit
962 807 1055 903 sibi,
1084 813 1121 883 et
1139 809 1195 885 sic
1213 809 1261 884 ab
1279 806 1439 884 inuicem
1453 807 1538 903 jam

418 939 526 1008 erant
552 933 753 1029 segregati.
784 931 859 1009 Hie
872 938 952 1033 jam
969 936 1092 1032 tangit
1119 935 1351 1012 authoritas:
1373 933 1537 1008 Maledi-

419 1065 501 1136 ctus
519 1059 630 1135 homo
651 1060 713 1156 qni
733 1060 885 1137 conlidit
903 1063 942 1137 in
961 1061 1128 1158 homine,
1150 1071 1188 1138 et
1206 1063 1245 1137 in
1263 1083 1426 1160 pagano.

524 1187 687 1262 Posthec
714 1187 768 1263 ibi
796 1188 956 1264 ducenta
993 1189 1110 1264 Durci
1149 1195 1396 1288 aparuerunt,
1434 1185 1538 1282 qnod

417 1313 564 1390 audien.
593 1313 796 1411 Hungaros
824 1338 907 1392 esee
936 1317 1043 1393 varia
1070 1324 1214 1395 stature
1242 1318 1401 1412 milicie,
1421 1314 1537 1391 dede-

416 1449 503 1516 mnt
520 1463 660 1538 vocem,
680 1441 961 1541 vtpugillarent
978 1463 1091 1542 snper
1109 1466 1205 1541 equo
1225 1445 1388 1520 veloces.
1409 1439 1537 1532 Quum

416 1567 597 1645 sensisset
625 1566 851 1644 Francisons
871 1568 993 1666 Bodo,
1013 1565 1168 1664 gauisus
1196 1577 1277 1646 erat
1299 1569 1431 1664 valde,
1460 1569 1537 1642 cir·

419 1694 512 1772 citer
538 1693 706 1772 aseendit
732 1717 847 1794 super
884 1718 1018 1792 equum
1056 1719 1138 1772 cum
1167 1696 1436 1774 homatissima
1462 1717 1538 1770 sna

418 1821 606 1898 militaria.
636 1819 736 1914 Quia
764 1823 835 1898 iste
864 1823 924 1898 vir
951 1831 1033 1898 erat
1060 1823 1237 1920 decorus,
1267 1831 1305 1898 et
1333 1843 1403 1898 sua
1421 1821 1536 1896 hasta

417 1971 492 2024 non
510 1949 590 2024 ibat
607 1948 646 2024 in
664 1970 800 2024 vanum
819 1949 864 2024 de
884 1973 996 2024 manu
1015 1973 1105 2046 sua,
1131 1951 1198 2028 sed
1222 1973 1370 2048 semper·
1388 1947 1537 2024 obtine·

415 2076 491 2151 bat.
512 2074 570 2152 Ibi
590 2075 728 2152 milites
747 2077 1188 2174 apparueruntHungari
1206 2085 1384 2174 tanquam
1403 2075 1536 2171 angeli

416 2211 454 2278 et
469 2202 579 2298 boni,
608 2209 746 2277 etcum
773 2225 847 2277 vno
875 2203 1008 2279 kao
1036 2205 1219 2304 pugillum
1238 2203 1277 2278 in
1296 2205 1378 2280 erit.
1409 2203 1459 2278 Et
1478 2203 1535 2280 ibi

416 2327 641 2404 Franciscus
670 2325 773 2402 Bodo
802 2335 934 2426 captus
962 2339 1044 2406 erat
1062 2355 1130 2430 per
1158 2331 1325 2427 Turcos,
1355 2339 1393 2405 et
1421 2330 1536 2406 valde

416 2475 499 2530 eum
527 2453 734 2550 diligebant
752 2460 790 2527 et
808 2456 1096 2552 amplexabant,
1117 2465 1155 2533 et
1172 2465 1422 2552 consuerunt,
1449 2479 1535 2532 oum

279 2618 282 2624 ·
415 2580 488 2656 nisi
507 2580 628 2678 ipsum
647 2589 916 2675 cognoscerent
933 2605 1003 2680 per
1021 2605 1155 2680 equum
1175 2591 1213 2658 et
1230 2601 1299 2684 per
1313 2584 1535 2660 modestiam

416 2729 568 2784 suarum
595 2727 710 2806 super
736 2729 871 2804 equum
899 2710 1140 2807 equitantem.
1179 2711 1230 2786 Et
1257 2712 1306 2787 ad
1332 2709 1534 2786 vaiuodam

415 2835 609 2912 absolutus
636 2843 739 2932 crat,
769 2858 954 2934 quumque
968 2839 1048 2934 jam
1068 2839 1289 2936 perfecisset
1307 2861 1402 2936 opus
1421 2857 1533 2912 suum

416 2961 588 3040 dominus
606 2963 768 3040 vainoda
787 2986 869 3040 cum
888 2965 1025 3061 anco,
1044 2966 1160 3040 mouit
1169 2989 1209 3042 se
1220 2975 1319 3044 retro
1330 2965 1378 3040 ad
1388 2965 1534 3040 Trans·

415 3090 634 3186 silvaniam,
665 3088 785 3168 Cesar
804 3087 925 3194 (vero)
953 3091 1164 3168 'lurcorum
1189 3115 1346 3189 cumque
1364 3092 1533 3168 litteram

385 3216 570 3294 ¹voinode
597 3218 791 3314 intuisset,
819 3217 910 3292 iecit
937 3241 1112 3316 magnum
1138 3221 1349 3297 concivium
1369 3220 1407 3294 in
1435 3219 1530 3294 vrbe

416 3341 801 3442 Constantinopolim,
831 3345 930 3442 qnod
948 3347 1148 3423 vaiuodam
1167 3369 1250 3423 cum
1268 3345 1341 3421 fide
1360 3367 1429 3423 sua
1447 3343 1533 3418 Ma-

415 3470 611 3546 cumetistn
629 3469 877 3565 vinculasset,
897 3476 935 3544 et
947 3471 1027 3567 J’am
1047 3473 1101 3548 nil
1120 3474 1270 3571 abipso
1288 3471 1533 3572 premeditas·

414 3603 473 3674 set
489 3597 690 3692 hamanus,
710 3597 777 3674 sed
795 3603 975 3692 tanquam
1003 3599 1140 3675 iratres
1168 3601 1441 3697 imperpetuum
1461 3597 1530 3672 hn-

413 3724 609 3802 litassent.

689 4005 1021 4111 (onnrnunuu
1048 4007 1254 4114 xxvnr).

485 4227 537 4304 Et
553 4226 684 4302 iterum
703 4225 866 4302 vaiuoda
884 4249 1019 4322 magno
1037 4227 1114 4304 leto
1132 4227 1271 4302 wltuin
1283 4223 1527 4304 Transsilua·

416 4355 479 4430 nia
496 4375 579 4430 cum
598 4353 824 4430 militaribus
834 4355 913 4432 suis
923 4362 1180 4431 condonasset.
1202 4353 1253 4429 Et
1271 4354 1322 4430 ibi
1342 4353 1529 4432 Jacobum

416 4481 542 4558 amisit
560 4479 696 4580 Banffy
714 4475 771 4580 Ἣ
795 4487 949 4579 propter
978 4481 1180 4559 anariciam
1199 4503 1327 4577 suam,
1355 4483 1453 4578 quod
1471 4491 1530 4558 ta-

315 4633 318 4642 ’
413 4607 488 4684 lem
505 4605 670 4682 miletam
686 4627 761 4682 non
780 4604 957 4684 donasset
974 4613 1013 4684 et
1031 4607 1229 4706 pecuniam
1256 4611 1529 4688 menssnoriam

417 4731 529 4808 vilem
556 4731 753 4810 obtulisset
781 4732 865 4810 sibi.
897 4731 947 4808 Et
965 4733 1124 4808 maxime
1151 4735 1472 4814 verecundabatur
1490 4738 1529 4814 in
