3248 5210
400 489 453 568 60

397 689 521 768 Roma
547 691 713 790 portauit
738 689 788 767 ad
823 692 982 769 salutem
1007 698 1175 768 cosmam
1200 697 1239 766 et
1265 689 1315 768 ad
1337 711 1516 768 coronam

398 818 574 895 celestem
593 819 777 917 accipere.
824 818 927 895 Bene
944 818 1180 917 prohetabat,
1200 825 1238 894 et
1255 819 1313 895 sio
1330 819 1518 916 repletum

398 945 555 1022 demum.
603 944 831 1043 Quecuuque
848 945 996 1022 audien.
1044 944 1186 1022 Scitioa
1203 969 1298 1043 gens
1315 944 1516 1042 Hungara‚

399 1073 505 1149 multi
523 1071 759 1149 confluebant
777 1071 826 1148 ad
844 1094 938 1150 eum.
987 1072 1039 1148 Et
1056 1073 1130 1150 iste
1148 1071 1370 1150 Ambrosius
1388 1094 1516 1150 sacer·

399 1197 467 1276 dos
493 1207 532 1275 et
557 1201 727 1276 notarius
754 1198 857 1276 dedit
888 1197 1154 1276 authoritatem
1172 1198 1248 1276 sibi
1267 1197 1516 1274 consecrandi

398 1332 548 1424 gentem
566 1325 615 1402 ad
632 1333 800 1403 sanctam
818 1347 986 1423 erucem,
1015 1333 1054 1402 et
1070 1325 1161 1402 iecit
1179 1324 1347 1423 predicto
1365 1323 1518 1400 noterio

397 1476 466 1530 sno
486 1453 668 1552 epistolae
695 1453 744 1529 ad
762 1452 907 1549 Regem
937 1459 975 1529 et
1000 1453 1049 1529 ad
1066 1454 1232 1550 legatum
1249 1451 1435 1529 Thomam
1452 1475 1517 1530 ar·

397 1579 690 1680 chicpiscopum.
741 1579 853 1680 „Jam
879 1601 1032 1658 mouere
1058 1603 1101 1658 sc
1127 1601 1210 1656 cum
1236 1579 1318 1656 acie
1335 1587 1518 1676 quantum

397 1713 533 1806 potest,
553 1706 792 1784 concussima
810 1706 1020 1806 paternitas
1038 1729 1107 1784 sua
1125 1713 1211 1805 post
1228 1729 1299 1802 me,
1329 1707 1419 1803 quia
1433 1709 1518 1806 jam

397 1833 518 1909 habeo
537 1831 665 1910 decem
692 1834 799 1909 milia
824 1835 1038 1932 equites-
1057 1833 1164 1909 milia
1182 1832 1349 1932 pedites3
1378 1840 1417 1909 et
1442 1857 1517 1932 ego

397 1960 484 2036 volo
511 1960 634 2058 ipsum
661 1960 897 2038 introducere
929 1960 978 2036 ad
994 1961 1124 2038 vrbem
1143 1957 1513 2059 Constantinopolim

397 2088 437 2163 in
456 2087 757 2166 Patriarchatum
782 2089 926 2166 suum.“
977 2089 1120 2166 Eodem
1145 2095 1315 2188 tempore
1344 2087 1515 2166 moderni

397 2223 591 2312 magnates
609 2215 665 2292 nil
683 2217 863 2293 curabant
880 2217 938 2293 ire
960 2217 1039 2314 jam
1064 2215 1247 2292 aduersus
1264 2237 1514 2319 paganorum,

348 2380 352 2388 =
397 2341 486 2438 quia
503 2342 676 2418 insolerti
696 2351 814 2420 erant.
851 2342 960 2420 Vidit
979 2349 1017 2418 et
1041 2343 1187 2420 audiuit
1204 2342 1290 2419 Rex
1308 2340 1515 2418 Ladislaus

397 2467 605 2565 Echemus,
643 2468 742 2567 quod
769 2475 1028 2569 presumtuosc
1056 2469 1221 2547 dedisset
1246 2469 1516 2547 authoritatem

396 2594 703 2695 archiepiscopus
730 2596 814 2695 talij
842 2597 1002 2673 latrone.
1059 2595 1134 2690 Qui
1162 2618 1244 2672 cum
1272 2596 1379 2694 Rege
1406 2601 1518 2674 erant

396 2723 511 2799 aulici
522 2725 735 2820 arguebant
751 2747 834 2801 cum
851 2725 978 2821 legato
989 2722 1176 2821 Hungari,
1187 2723 1285 2822 quod
1296 2723 1515 2803 intestinum

395 2851 539 2926 bellum
556 2857 684 2926 uatum
703 2851 867 2928 fecisset.
885 2847 1204 2949 Archiepisoopus
1214 2848 1330 2925 dixit:
1355 2847 1515 2946 „Nonne

395 2999 467 3054 vos
492 2979 658 3074 rogastis
696 3001 756 3056 me
792 2977 927 3055 ducere
953 2984 1122 3054 sanctam
1148 2999 1298 3054 crucem
1333 2975 1516 3056 adversm

397 3103 671 3201 Ismaeliticos;
698 3107 779 3204 jam
806 3127 1005 3202 surgamus
1033 3113 1070 3182 et
1088 3127 1217 3182 camum
1234 3112 1321 3202 post
1337 3103 1429 3180 belli
1447 3103 1515 3180 ‹iu-

396 3236 537 3307 ctorem
556 3253 679 3307 meum
698 3229 865 3308 Siculum
884 3229 1128 3328 Georgium.“
1178 3228 1260 3329 Ipsi
1278 3251 1514 3327 nequaquam

395 3357 605 3454 voluerant,
625 3357 689 3456 qui
710 3357 853 3436 insoliti
872 3366 980 3436 erant
997 3359 1153 3436 bellare.
1183 3355 1234 3432 Et
1251 3357 1400 3453 legatus
1417 3357 1516 3434 vidit

397 3505 525 3560 eorum
544 3485 752 3582 nequiciam
773 3485 999 3582 segniciem,
1020 3491 1058 3561 et
1075 3485 1158 3584 ipsc
1174 3483 1311 3580 tacuit,
1337 3489 1375 3559 et
1392 3483 1514 3583 scrip·

395 3611 446 3688 sit
472 3612 604 3689 literas
633 3610 802 3709 Georgio
830 3611 978 3708 Siculo,
1016 3619 1058 3688 vt
1085 3620 1122 3689 et
1146 3612 1231 3711 ipse
1257 3633 1409 3689 cessare
1432 3616 1471 3686 et
1489 3633 1515 3686 a

393 3737 497 3814 bello
527 3739 867 3837 congregacionem
897 3740 1072 3838 quoniam
1099 3745 1296 3836 magnates
1314 3737 1513 3834 negligere

263 3921 267 3932 .
396 3865 537 3942 volunt.
582 3863 665 3959 Que
683 3867 794 3944 litere
811 3867 928 3944 allate
945 3873 1053 3944 erant
1072 3863 1241 3964 Georgio
1260 3861 1400 3942 Siculo.
1446 3863 1514 3942 Ira

395 3999 619 4069 commotus:
654 3991 763 4090 „Nou
782 4013 993 4092 sumpuer,
1022 4015 1096 4068 non
1119 4014 1202 4069 sum
1220 4013 1291 4088 ego
1310 3989 1453 4068 delirus
1471 3998 1514 4067 vt

394 4117 496 4194 wltis
513 4141 573 4194 mc
592 4117 787 4214 deluder03
806 4141 875 4219 per
889 4117 1012 4195 Deam
1031 4125 1068 4195 et
1085 4141 1154 4218 per
1171 4125 1340 4195 sanctam
1364 4139 1513 4202 erucam

395 4245 597 4344 corripiam
615 4243 720 4322 voe.“
762 4241 885 4336 Quum
903 4244 974 4322 hcc
991 4247 1109 4325 rerba
1131 4245 1296 4322 sencien.
1315 4246 1510 4342 horrores,

393 4369 608 4469 principes,
637 4371 776 4470 prelati
807 4377 844 4448 et
871 4371 941 4448 alii
959 4371 1099 4448 domini
1118 4369 1314 4468 Huugari,
1343 4369 1513 4448 feceruut

394 4516 507 4570 ruam
525 4496 843 4592 conuenticulam,
872 4496 970 4594 quod
997 4497 1032 4573 oi
1050 4519 1125 4572 nou
1143 4495 1300 4574 desistat
1318 4495 1511 4594 Georgius

395 4619 546 4698 siculus
573 4621 619 4699 de
646 4631 777 4700 sancta
805 4645 935 4721 eruce3
972 4631 1109 4700 extunc
1134 4625 1306 4702 volumus
1328 4631 1367 4700 te
1386 4629 1509 4701 exter·

395 4749 551 4828 minam.
593 4749 716 4845 Quum
730 4753 810 4852 jam
829 4752 875 4829 de
893 4751 1191 4850 congregacione
1209 4751 1440 4830 dominorum
1458 4750 1505 4830 li·
