3226 5220
1116 461 1193 538 221

78 663 233 739 scietur.
255 661 300 737 In
317 661 446 759 Tokaj
466 661 561 736 etin
580 659 694 737 Scina
711 661 781 736 tali
799 660 907 736 modo
926 661 1023 738 latro
1050 659 1193 738 fecerat

80 811 177 864 curn
191 787 287 886 Rege
304 787 332 865 J
334 811 476 885 caune,
498 794 630 865 ettam
649 810 814 864 crassam
833 788 1002 863 lanceam
1029 786 1195 867 habebat

78 914 123 990 in
145 913 291 1014 prandio
310 915 404 991 etin
423 937 533 1010 cena,
554 913 653 1013 quod
670 936 766 991 unus
784 915 943 991 alterum
970 937 1046 991 nou
1073 916 1196 1013 potuit

80 1041 210 1120 videre
228 1041 272 1120 de
291 1041 453 1118 culmine
481 1041 630 1120 assatis.
660 1039 739 1120 Iste
764 1040 969 1138 Hungurus
996 1043 1093 1120 alter
1115 1049 1193 1118 tam

78 1192 199 1247 vorax
218 1177 311 1254 erat.
332 1169 432 1268 quod
448 1171 488 1245 in
506 1167 663 1268 prandio
682 1168 727 1244 de
739 1167 901 1244 sedecim
918 1170 1046 1268 pullos
1065 1176 1193 1247 asatos

79 1318 155 1396 per
169 1296 357 1375 comedere
376 1297 523 1374 solebat
541 1302 636 1391 octo,
656 1295 839 1372 interdum
858 1295 1006 1393 decem3
1026 1303 1064 1372 et
1081 1319 1195 1373 vnum

79 1432 243 1502 assatum
290 1425 481 1523 agnellum
526 1419 583 1526 ⁶⁵5
625 1422 704 1500 vidi
745 1445 813 1523 per
849 1422 1015 1522 seipsum
1061 1445 1194 1502 cousu-

79 1559 246 1630 menum.

184 1679 272 1758 Jam
300 1701 371 1776 ego
399 1677 636 1776 hospitabam
664 1678 704 1754 in
733 1674 860 1776 Oapos
888 1676 989 1776 apud
1016 1701 1193 1777 parocum

81 1806 248 1883 Paulum.
270 1805 421 1883 Extunc
445 1805 635 1884 miseruut¹
652 1802 891 1881 Oasouenses
920 1811 1118 1882 exactores
1145 1805 1193 1882 ad

79 1935 235 2030 vngues
253 1933 293 2008 in
318 1931 466 2008 nomine
494 1930 634 2008 Joanni
661 1929 832 2026 Kocian,
862 1952 977 2026 quare
1004 1930 1194 2008 dedissent

80 2083 189 2136 mam
206 2087 358 2136 massam
376 2057 491 2156 poudi
519 2063 689 2134 monetas
715 2063 938 2156 preparatas
966 2057 1012 2133 de
1040 2057 1190 2136 Joannc

80 2185 195 2284 Regis
213 2185 413 2283 adgentes
433 2182 681 2262 Germanicas
700 2183 804 2260 etad
822 2183 1027 2282 Hungaros
1037 2187 1189 2283 milites,

81 2314 177 2412 quod
211 2320 543 2390 remunerauerant
579 2336 644 2390 eos
681 2311 966 2411 Oassouienses,
1005 2314 1032 2392 J
1034 2337 1191 2391 oannem

80 2440 234 2518 Horwat
253 2435 320 2542 (et)
339 2439 543 2517 Martinum
562 2439 749 2516 Polanka.
771 2438 1189 2542 Cumqucmeaspcxis·

83 2573 182 2664 seut,
201 2566 306 2644 illico
331 2565 534 2663 admissu,
561 2572 598 2643 et
615 2566 943 2664 interrogauerant
969 2591 1047 2664 me,
1076 2570 1110 2645 si
1137 2569 1191 2646 ibi

80 2719 220 2774 moram
239 2695 429 2772 haberem.
450 2695 535 2792 Ego
555 2695 667 2772 dixit:
683 2695 781 2794 „Hic
798 2696 957 2774 babeo.“
980 2697 1187 2776 Dixerunt:

83 2825 205 2919 „Vere
241 2823 276 2901 si
304 2821 503 2917 sciremus,
534 2821 632 2918 quod
658 2820 720 2898 hic
747 2844 888 2900 moram
914 2847 989 2900 uon
1016 2821 1187 2919 haberes,

79 2949 203 3026 statim
220 2947 269 3024 ad
288 2947 508 3047 quadrigam
526 2970 641 3047 cupra
658 2971 882 3047 poneremus
910 2957 947 3025 et
974 2947 1022 3024 ad
1049 2948 1188 3027 Oasso-

79 3078 177 3152 uiam
193 3083 231 3152 te
250 3074 555 3152 destinaremus.“
578 3075 833 3152 Extuncvnus
848 3075 1067 3154 adolescens
1086 3077 1190 3154 stetit

79 3225 201 3282 coram
220 3223 369 3298 eorum,
390 3201 531 3301 incepit
549 3223 727 3279 accusare
747 3224 817 3298 me,
837 3202 1009 3302 incipien
1031 3231 1039 3278 :
1064 3204 1188 3302 „Vere

79 3331 174 3426 ridi,
195 3329 333 3406 domini
352 3329 445 3426 mei,
465 3329 576 3406 istum
595 3330 826 3407 sacerdotem
846 3353 971 3408 corum
997 3331 1187 3429 peditibus

79 3459 199 3553 Regio
216 3455 428 3555 Majcstatis
446 3455 485 3530 in
505 3455 619 3532 Scina
637 3464 758 3534 asten.
779 3465 817 3534 ct
843 3479 1072 3534 communem
1099 3483 1186 3535 con-

81 3585 274 3662 fessionem
310 3583 429 3659 dicen.
467 3591 553 3660 ante
590 3583 860 3685 haydukones3
890 3591 927 3659 ct
953 3586 1187 3664 confortabat

82 3733 162 3806 eos,
182 3717 219 3786 et
235 3710 356 3788 tribus
373 3709 519 3788 vicibus
547 3711 726 3808 clangore
754 3734 891 3808 magno
919 3711 1061 3788 dicen:
1092 3719 1184 3790 Zea!

85 3845 212 3934 ituria,
231 3845 269 3912 et
287 3838 345 3914 sio
362 3836 411 3912 ad
430 3860 561 3914 manus
580 3837 719 3914 dabant
737 3840 1076 3938 comparacioues.“
1100 3839 1184 3936 Ego

84 3962 221 4061 quidem
257 3963 307 4039 ad
340 3963 564 4040 smanom
601 3965 843 4064 accipiebam.
878 3964 1045 4042 Invicem
1071 3989 1186 4065 supra

85 4112 239 4168 mensam
257 4089 578 4190 conspiracionem
597 4092 786 4188 fecerunt3
806 4099 844 4168 ct
857 4093 932 4192 ipsi
943 4099 1186 4170 surrexerunt

85 4215 179 4294 etad
196 4217 385 4294 ciuitatem
404 4217 553 4296 iuerunt
570 4223 611 4292 vt
624 4219 703 4316 jam
730 4219 822 4294 mihi
849 4218 1070 4316 quadrigam
1097 4243 1182 4320 prc-

83 4352 249 4444 pararent
264 4344 446 4424 adversus
457 4344 691 4424 Oassouium.
703 4347 800 4422 Mihi
811 4347 961 4445 quidem
971 4370 1046 4424 non
1056 4371 1182 4450 nemp-

82 4474 398 4572 pecomplacebat.
419 4475 504 4571 Ego
523 4475 632 4573 quasi
649 4475 697 4550 ad
714 4476 975 4553 necessitatem
984 4478 1183 4577 prospacio

83 4599 278 4696 adortum,
307 4600 409 4676 etde
428 4607 532 4698 ortu,
557 4605 638 4700 Jam
656 4609 884 4700 manserat,
912 4603 1047 4682 festino
1067 4604 1183 4681 anhe-

81 4727 139 4804 lito
157 4727 283 4805 cucuri
301 4725 351 4804 ad
369 4727 576 4826 Hungwar.
597 4727 758 4808 dtamen
776 4735 849 4810 duo
869 4731 1032 4808 miliaria
1046 4755 1184 4830 magua
