3238 5228
1114 446 1193 526 ΤΠ

100 667 254 722 coronam
273 645 321 721 ad
339 648 549 744 preciosum
567 648 771 746 palpatum.
799 646 921 738 Quum
940 647 1100 724 diuersis
1118 647 1195 723 moss

100 772 147 847 dis
171 773 264 850 inter
284 796 325 849 se
343 776 462 851 verba
486 775 749 873 prolixabant,
780 782 817 852 et
835 773 979 872 Regem
1008 775 1197 852 Joannem

24 927 25 934 Ν
99 921 224 975 romum
251 908 556 977 renumeraoerat
584 923 666 976 cum
695 901 803 996 nigro
831 923 947 998 equo,
986 923 1197 998 superque

24 1007 25 1052 ³
98 1026 243 1103 sedendo
261 1051 331 1126 per
347 1034 496 1126 pontem
524 1027 726 1126 pergebat,
751 1035 789 1103 et
807 1051 919 1103 vnum
937 1029 1053 1104 alium
1072 1029 1197 1108 album

98 1175 214 1248 equum
242 1153 397 1230 dederat
424 1152 543 1231 Cesar
563 1154 785 1249 Turcarum,
807 1163 844 1230 et
862 1179 974 1231 unam
993 1163 1134 1232 vestem
1153 1157 1198 1232 de

24 1287 25 1368 Γ
98 1303 171 1354 caro
188 1281 315 1378 precio
335 1281 456 1375 serico
475 1283 631 1356 rubeum
650 1281 806 1358 indutus
819 1290 900 1358 erat
918 1281 1000 1357 Rex
1019 1282 1199 1360 Joannes.

24 1395 25 1400 ‘
98 1405 138 1479 Et
161 1429 334 1483 coronam
360 1405 443 1482 Rex
470 1407 640 1484 Joanncs
666 1408 719 1483 ibi
739 1408 942 1502 amiserat,
964 1409 1200 1506 quamobrem

99 1533 297 1610 indecenter
313 1534 469 1642 fuisset,
487 1535 520 1610 si
539 1535 587 1609 ab
607 1557 651 1610 eo
669 1543 854 1631 rogasset.

190 1659 282 1736 Inde
302 1661 451 1758 quidem
470 1661 568 1758 quod
586 1661 756 1738 loannes
765 1660 847 1736 Rex
857 1672 1014 1739 venerat
1032 1663 1202 1742 adomum

24 1839 25 1856 ,
102 1786 248 1882 lindam,
279 1811 365 1862 mox
389 1788 463 1886 ipsi
491 1789 672 1864 velociter
700 1797 894 1865 currerunt
912 1812 1005 1887 erga
1023 1787 1202 1868 Cesarem

101 1911 315 2010 lurcorum,
345 1915 522 1990 videlicet
547 1916 684 1992 Petrus
712 1916 834 2015 Priny
852 1923 890 1992 et
907 1915 1203 1997 PaulusVarda

103 2040 390 2139 archiepiscopus
412 2040 697 2136 strigoniensis,
717 2064 828 2141 quem
847 2040 930 2117 Rex
949 2042 1120 2120 «Ioannes
1139 2042 1202 2118 do-

104 2173 243 2242 nauerat
259 2167 344 2262 sibi,
365 2175 403 2242 et
430 2168 600 2264 ingratus
628 2168 773 2244 demum
801 2168 876 2244 sibi
903 2169 1037 2244 fuerat.
1067 2168 1117 2243 Et
1143 2169 1204 2244 hic

103 2291 162 2364 ista
178 2295 346 2390 practica
364 2301 446 2370 erat
465 2294 504 2369 in
522 2295 582 2371 die
601 2295 768 2392 profesto
787 2293 975 2394 Symonis.

24 2515 25 2518 Ν
195 2418 375 2524 (Dleinde
413 2422 555 2498 Paulus
583 2419 640 2526 Sil
677 2423 805 2500 Vardo
833 2424 1136 2522 archiepiscopus
1161 2422 1205 2498 de

24 2549 25 2594 ³
106 2545 281 2642 strigonia
299 2547 445 2644 lapides
462 2547 654 2644 preciosas
673 2550 722 2624 ad
742 2547 921 2626 Cesarem
941 2550 1148 2626 ancarum
1162 2547 1207 2626 de

104 2671 236 2768 oophiis
263 2671 595 2770 predecessoribus
614 2674 659 2750 de
679 2678 887 2754 subrustico
906 2675 1141 2766 detraxerat,
1171 2685 1207 2748 et

104 2819 174 2872 oum
190 2801 269 2876 illis
287 2801 438 2898 lapibus
463 2801 669 2878 donauerat
696 2801 876 2880 Cesarem
906 2803 1126 2879 Turoarum.
1157 2801 1208 2874 Et

106 3048 233 3129 Cesare
261 3053 470 3131 'Puroarum
499 3057 685 3152 captiuos,
715 3079 810 3153 quos
838 3057 1023 3134 ducebant
1041 3079 1124 3132 cum
1142 3055 1208 3130 eis.

108 3177 148 3250 Et
164 3179 314 3277 insuper
342 3187 492 3278 pontem
521 3181 676 3259 dederat
693 3183 732 3258 in
751 3184 899 3260 domum
917 3183 1141 3280 Regicstati.
1162 3181 1211 3256 Et

109 3327 167 3380 nos
193 3306 341 3382 audien.
371 3307 564 3384 restitutos
582 3333 606 3383 a
625 3307 767 3386 Cesare
796 3312 968 3410 captiuos
995 3310 1106 3385 valde
1124 3331 1209 3406 gra-

107 3433 319 3512 tulabamur.
348 3433 398 3508 Et
424 3436 593 3532 elegerat
621 3435 706 3512 Rex
735 3435 947 3536 Gaspcrnm
976 3437 1138 3536 Raslray
1164 3437 1212 3510 ad

108 3557 294 3658 Cesaram,
316 3570 453 3638 etcum
479 3587 548 3640 sua
577 3564 756 3640 catherua
783 3573 1013 3665 perrexerat.
1043 3563 1210 3661 Cumque

110 3687 148 3759 ad
174 3687 371 3764 Cessarem
398 3691 652 3787 peruenisset,
683 3715 769 3768 mox
797 3693 851 3766 ait
878 3692 925 3766 ad
954 3689 1153 3785 Cesarem‚
1174 3699 1213 3762 rt

110 3835 180 3888 eum
199 3816 284 3892 Rex
303 3817 483 3912 eligesset
500 3824 653 3916 propter
671 3817 950 3916 depredaturos.
971 3816 1090 3894 Cesar
1100 3817 1212 3893 desti·

113 3943 266 4020 nanisset
295 3943 344 4018 ad
372 3941 468 4020 Aina
496 3945 631 4039 bassa,
651 3952 693 4018 vt
711 3947 874 4022 solveret
892 3945 1049 4042 quilibet
1067 3944 1213 4020 Turous

24 4099 25 4162 q
112 4069 287 4164 captiuum
307 4091 427 4145 suum.
446 4066 529 4170 {Hic
548 4093 704 4167 cumque
724 4072 917 4149 audissent
935 4072 1079 4169 equites
1097 4079 1135 4146 et
1151 4093 1214 4168 pe·

24 4187 25 4210 ¹
112 4190 196 4270 dites
213 4195 423 4271 Turcarum
450 4196 759 4293 iagnicharones‚
789 4223 873 4274 mox
897 4198 1114 4296 inceperunt
1132 4219 1213 4272 oum

111 4316 234 4398 thoma
251 4322 376 4420 capita
394 4345 545 4399 suarum
565 4325 703 4402 minato
714 4349 760 4400 ao
771 4324 1026 4400 rebellizando
1046 4325 1213 4421 ajebant:

118 4443 311 4547 „captiuos
330 4473 400 4526 nos
418 4449 569 4526 redden.
589 4459 811 4545 retrorsum3
832 4474 906 4527 non
923 4459 987 4528 tm.
1016 4449 1214 4546 Hungaro-

113 4593 202 4672 mm,
221 4577 288 4654 sed
315 4575 436 4654 Cesar
454 4579 598 4656 comiter
616 4581 745 4656 statim
764 4579 1004 4657 ambulabit.“
1038 4579 1087 4652 Et
1116 4578 1212 4652 Aiaz

113 4703 216 4779 bassa
226 4701 422 4781 admodum
433 4729 500 4804 per
510 4711 652 4804 protem
664 4707 857 4782 declarare
867 4709 1009 4783 fecerat
1020 4703 1216 4802 magnifico

107 2923 227 3004 Petrus
245 2927 417 3003 similiter
437 2927 567 3028 Priny.
597 2929 648 3004 Et
665 2929 749 3005 Rex
768 2931 795 3006 J
796 2953 937 3006 oannes
956 2931 1169 3028 optinuerat
1187 2951 1209 3002 a

24 3333 26 3392 l

24 3419 25 3514 l

24 3515 25 3568 r

24 3569 25 3640 l

24 3643 25 3684 l
