3260 5226
1140 411 1219 494 385

106 607 337 690 castellanus
373 614 454 688 erat
491 606 655 690 Michael
673 609 880 690 Litteratus
898 636 945 688 ac
968 613 1218 711 effeminatum

106 741 196 837 quia
214 741 337 816 solent
354 761 504 838 semper
532 739 729 840 optimates
757 737 1019 836 Hungarorum
1048 743 1220 820 scolasti-

105 889 189 941 cum
207 866 247 942 in
266 889 374 961 arce,
403 873 439 943 et
465 865 609 941 nobiles
636 865 676 940 in
705 865 808 941 curia
835 889 1008 962 suarum;
1036 868 1124 965 qnia
1152 893 1220 968 pro

104 992 255 1070 ancillis
283 990 392 1093 ¹¹⁵·lv·
422 985 544 1090 et'pro
563 991 781 1068 dominabus
800 1015 939 1069 earum.
959 993 1010 1068 Et
1027 994 1218 1072 dixerunt:

109 1119 233 1218 „Quid
259 1120 441 1196 faciamus
470 1127 599 1196 contra
626 1121 740 1196 talem
768 1121 1055 1221 omnipotentem
1082 1123 1220 1222 princi-

104 1271 201 1346 pem‚
213 1269 287 1324 non
297 1267 492 1344 possumus
511 1235 680 1344 obposito
699 1247 735 1323 ei
753 1255 866 1325 stare.
887 1248 929 1325 Si
940 1247 1017 1325 Sua
1036 1249 1220 1349 Majestas

104 1371 274 1450 Cesarea
291 1374 339 1449 ad
357 1373 466 1448 fidem
484 1396 589 1449 suam
609 1383 832 1470 assumeret,
863 1376 962 1472 qnod
988 1375 1145 1474 pacifice
1164 1377 1220 1453 di-

46 1533 48 1539 ·
102 1501 234 1578 mitere
254 1501 303 1576 ad
320 1502 420 1576 viam
440 1523 512 1598 quo
532 1523 600 1578 nos
626 1501 832 1598 tendimus,
863 1510 998 1580 extunc
1024 1505 1221 1582 reddemus

102 1629 140 1702 ei
158 1649 282 1704 arcem
302 1625 467 1705 Siklcs.“
499 1628 550 1703 Et
567 1629 741 1703 dixerunt
768 1651 897 1706 omnes
919 1629 1097 1729 „Amen.“
1130 1631 1220 1707 Mox

104 1777 291 1831 mammen
320 1755 551 1852 legacionem
587 1755 720 1832 iterum
749 1779 841 1852 erga
869 1756 1047 1834 Cesaram
1076 1758 1218 1835 Turca-

104 1903 206 1978 rum‚
235 1890 273 1958 et
299 1883 366 1958 tali
403 1883 511 1958 modo
548 1883 806 1960 reserauerunt
841 1885 876 1958 ei
917 1886 1218 1984 responsionem:

107 2009 337 2108 „Quattinus
365 2011 468 2110 ipsos
495 2010 730 2110 permitteret
755 2011 853 2086 idem
882 2012 1026 2089 inance
1046 2013 1220 2090 adlidem

101 2163 250 2235 eorum,
271 2147 309 2214 et
326 2161 474 2238 semper
501 2139 678 2214 tributum
707 2139 805 2214 arcis
825 2139 923 2213 omni
950 2163 1047 2215 anno
1066 2163 1218 2238 presen-

106 2268 315 2346 tarentei.“
339 2265 457 2343 Cesar
476 2267 682 2364 prolinauit
691 2291 732 2343 se
742 2267 781 2342 in
789 2268 1032 2365 responsione
1051 2290 1131 2345 sua.
1153 2268 1216 2346 In·

100 2395 312 2490 terrogauit
339 2417 404 2470 eas
433 2421 442 2467 :
475 2391 543 2490 „In
572 2415 646 2490 qua
673 2394 851 2468 facultate
878 2401 954 2489 est,
983 2395 1045 2468 uel
1074 2395 1111 2468 in
1141 2419 1215 2492 qua

11 2513 14 2520 ’
104 2520 306 2617 genelodia
325 2527 383 2595 est
391 2521 631 2614 castellanus,
652 2521 715 2617 qui
733 2520 831 2616 regit
850 2542 985 2595 arcem.
1005 2521 1122 2596 Estne
1132 2523 1215 2598 mil-

101 2649 158 2724 les
178 2648 332 2726 bonus.“
365 2645 551 2722 Dixerunt
568 2645 742 2743 Hungari
763 2674 772 2721 :
797 2645 1065 2744 „Serenissime
1085 2645 1217 2744 Oesar,

100 2775 169 2850 sed
198 2781 257 2850 est
283 2795 378 2850 unus
406 2773 656 2851 scholasticus
693 2797 828 2850 nomen
865 2773 1030 2850 Michael
1066 2775 1215 2850 Dealr.“

104 2903 212 2998 „Ego
229 2902 454 2998 arbitrabar,
477 2901 575 3000 quod
594 2911 694 2978 essct
713 2901 849 2999 aliquis
868 2901 988 2978 miles.
1008 2901 1095 2978 Non
1115 2903 1221 2978 decet

102 3031 173 3106 tali
191 3052 351 3128 persone
369 3030 483 3104 talem
502 3029 649 3106 domum
668 3031 898 3126 gubernare3
928 3029 991 3127 qui
1009 3031 1126 3123 tales,
1156 3033 1218 3128 qui

98 3157 518 3233 suntsineexercicione
536 3156 742 3252 militariis;
762 3156 956 3232 dumtaxat
972 3165 1124 3256 propter
1141 3158 1217 3234 for-

102 3283 278 3360 midinem
297 3305 402 3361 suam
430 3283 603 3362 redderet
629 3284 737 3360 hoste
756 3289 887 3360 eontra
905 3285 1016 3362 arcis.
1046 3284 1136 3360 Ideo
1156 3285 1219 3363 do-

101 3411 227 3487 minns
245 3411 366 3510 ipsius
383 3412 511 3488 fatuus
529 3412 621 3507 fuit,
647 3411 744 3509 quod
761 3411 831 3486 tali
850 3413 1051 3490 scolastico
1070 3411 1221 3488 confidit

103 3538 151 3612 ad
171 3559 306 3614 manus
324 3559 425 3616 suas.
446 3536 521 3614 Sed
541 3539 754 3616 dabcvobis
769 3537 966 3637 epistolam
984 3560 1096 3615 vnum
1116 3539 1219 3616 salus

101 3663 304 3742 conductus
323 3666 371 3740 ad
389 3687 541 3762 manus3
570 3667 695 3764 itaque
724 3687 795 3763 quo
814 3665 914 3742 wltis
931 3665 1006 3762 ire,
1026 3665 1122 3742 eatis
1139 3667 1219 3744 sine

99 3790 376 3893 impedimento.
397 3791 495 3884 Quia
512 3794 624 3870 istam
644 3813 768 3868 arcem
786 3791 872 3868 nolo
891 3798 977 3889 post
986 3814 1046 3867 me
1063 3792 1219 3869 amitere

99 3941 333 4019 nequaquam
361 3921 503 4017 absque
530 3917 699 3996 Turko.“
734 3917 785 3994 Et
813 3916 961 4014 scripsit
979 3915 1098 3996 Cesar
1116 3921 1219 3998 salus

100 4047 338 4142 conductum,
359 4053 397 4122 et
415 4047 516 4122 dedit
534 4047 583 4122 ad
601 4013 840 4122 manus‘suas
859 4043 1013 4122 ciuibus.
1043 4045 1095 4122 Et
1111 4069 1217 4144 pere-

101 4181 238 4253 xerunt
274 4175 472 4252 aduersum
509 4173 660 4270 sirloc,
690 4180 729 4248 et
753 4171 980 4249 relacionem
1008 4173 1219 4250 reserarunt

101 4301 285 4380 Michaeli
305 4301 430 4380 Deak.
450 4303 501 4378 Et
518 4327 594 4380 vna
612 4303 671 4378 dic
690 4303 860 4378 demone
884 4321 1001 4398 nsque
1020 4299 1069 4376 ad
1085 4323 1219 4402 vespe·

99 4455 180 4508 ram
200 4431 357 4530 quilibet
383 4431 567 4508 baiolauit
585 4453 669 4508 sese
689 4453 773 4506 cum
790 4432 904 4507 rebus
922 4429 1002 4506 suis
1020 4429 1068 4506 ad
1086 4429 1217 4504 ciuita-

99 4565 184 4638 tem.
215 4559 264 4634 ut
281 4559 320 4636 in
338 4559 504 4656 prodesto
532 4557 640 4634 Anne
670 4556 837 4634 Martiris
855 4563 1141 4634 evacuaverant
1158 4580 1217 4635 ar·

154 4719 251 4760 ιοκυι.
266 4719 330 4756 sose
354 4718 370 4756 ι.
947 4681 999 4760 25
