3238 5228
404 481 491 568 ‘308

416 687 503 788 quia
520 687 691 765 dominus
718 690 945 784 gubernator
964 689 1159 766 veritatem
1186 689 1386 788 diligebat,
1417 692 1524 769 Hun-

412 838 587 914 garorum
606 814 751 912 quidem
770 815 881 894 valde
898 816 1196 894 contrariebetur
1223 819 1377 914 veritas,
1388 816 1443 922 ⁹2}
1469 821 1525 920 ip-

411 942 466 1019 sis
484 965 558 1018 non
577 942 816 1020 eminebatur.
837 941 963 1035 Quum
981 943 1152 1021 dominus
1170 947 1409 1042 gubernator,
1431 947 1528 1044 quod

410 1072 490 1167 jam
508 1071 688 1147 sensisset
716 1072 813 1147 inter
831 1070 1034 1167 Hungaros
1052 1072 1193 1148 veritas
1218 1071 1292 1148 Dei
1311 1075 1379 1150 sub
1399 1074 1530 1172 planta

414 1196 575 1272 abitaret
593 1219 739 1294 eorum,
771 1197 918 1275 dicebat
945 1198 1114 1276 dominus
1141 1200 1399 1294 gubernator:
1425 1201 1530 1298 „Ego

413 1323 522 1399 video
540 1323 637 1402 inter
655 1324 860 1421 Hungaros
884 1324 1073 1422 Justiciam
1092 1325 1165 1400 Dei
1184 1347 1380 1422 ewagasse
1399 1349 1446 1402 ac
1465 1329 1528 1403 ab·

413 1449 623 1546 scondisse‚
644 1451 711 1526 sed
730 1451 913 1547 agendam
932 1453 1122 1528 lucernam
1141 1475 1314 1548 magnam
1333 1455 1475 1548 statim,
1494 1463 1530 1529 et

414 1577 500 1652 volo
519 1576 710 1673 requirere
730 1599 813 1652 eam
827 1577 910 1653 Deo
929 1577 1165 1674 adjunente.“
1188 1579 1270 1655 Rex
1283 1601 1364 1654 oum
1378 1581 1528 1656 domino

411 1700 549 1804 Oybak
568 1703 748 1800 oquitauit
759 1705 807 1780 ad
823 1706 1015 1782 solennem
1036 1706 1133 1782 diem
1151 1707 1356 1783 natiuitatis
1375 1707 1527 1784 Domini

411 1829 463 1907 ibi
482 1829 728 1906 solennizare.

518 1955 580 2031 Mc
591 1955 737 2053 quidem
750 1977 830 2030 cum
852 1953 947 2032 Oedi
966 1954 1163 2032 Leonardo
1183 1957 1527 2054 inquadrigaTho·

412 2084 507 2160 masi
525 2081 730 2177 Bernardi‚
752 2105 821 2158 nos
839 2089 916 2158 tres
933 2081 1083 2176 fuimus,
1105 2089 1142 2155 et
1160 2081 1329 2161 domiuus
1356 2085 1522 2185 Vaywo·

409 2208 494 2285 dioh
513 2231 595 2284 oum
614 2208 812 2307 Stephano
832 2208 994 2284 doctore.
1017 2209 1067 2282 Et
1085 2210 1255 2286 venimus
1273 2234 1420 2288 sursum
1440 2235 1521 2288 ver·

408 2359 473 2412 sus
492 2335 648 2411 Budam.
669 2335 721 2410 Et
739 2334 981 2411 dormiuimus
1000 2337 1038 2409 in
1058 2335 1188 2435 Pilys‚
1210 2344 1247 2412 et
1275 2339 1438 2414 seeundo
1467 2339 1524 2414 die

409 2464 580 2540 venimus
610 2461 658 2538 ad
685 2461 815 2538 Pesth.
846 2461 950 2536 Bora
978 2461 1128 2538 Benehe
1157 2463 1312 2541 intuitus
1339 2467 1524 2543 cubicula-

311 2575 316 2588 ’
407 2590 486 2666 rius
505 2588 704 2665 derelictus
724 2594 805 2663 erat
822 2587 860 2662 in
878 2585 1089 2686 hospicium
1108 2586 1336 2685 Regiestatis
1355 2592 1393 2668 in
1422 2594 1519 2670 Var-

408 2739 488 2812 san,
507 2724 661 2817 propter
680 2715 777 2813 quod
796 2722 878 2793 erat
895 2714 1005 2790 valde
1031 2713 1242 2794 timefactus
1261 2725 1412 2816 propter
1431 2720 1522 2794 mul·

406 2851 466 2921 tas
503 2841 836 2920 credencionalium
872 2842 1012 2936 factas,
1053 2849 1092 2917 et
1117 2843 1282 2920 totaliter
1319 2851 1401 2922 eret
1439 2869 1522 2922 mox

407 2970 525 3047 nudus
552 2990 685 3067 corpus
711 2969 831 3067 ipsius
860 2990 941 3044 cum
970 2975 1138 3044 stercora
1155 2969 1373 3046 bouinarum
1391 2971 1521 3047 intrin-

406 3119 512 3184 secus
538 3097 701 3173 limatus.
738 3095 788 3168 Et
815 3095 868 3170 ibi
895 3093 978 3170 Rex
1006 3093 1149 3188 amisit;
1187 3102 1225 3170 et
1261 3097 1317 3171 sic
1353 3096 1520 3174 Joannes

406 3223 540 3320 Gassaj
570 3222 779 3320 eligebatur
806 3221 843 3296 in
872 3222 994 3296 locum
1022 3243 1129 3297 suum
1148 3221 1451 3299 cubiculatorem.
1472 3223 1520 3296 Et

407 3373 475 3426 nos
493 3349 662 3424 venimus
682 3347 730 3423 ad
748 3347 903 3440 Eodem,
925 3354 961 3424 et
980 3369 1049 3444 ego
1066 3347 1198 3424 iterum
1211 3349 1388 3424 adlocum
1399 3370 1517 3424 meum

408 3476 693 3576 cappellanatus
720 3474 862 3568 resedi,
883 3481 920 3548 et
944 3474 1117 3573 prouisor
1135 3482 1219 3551 erat
1234 3475 1354 3550 adhuc
1381 3475 1520 3575 Symon

406 3601 626 3696 Litteratus,
647 3607 684 3677 et
703 3622 760 3676 me
779 3621 852 3676 non
871 3599 983 3674 valde
1001 3602 1162 3676 amabat.

512 3729 563 3804 Et
589 3748 743 3823 cumque
770 3726 1005 3824 pervenimus
1032 3726 1080 3801 ed
1107 3749 1242 3802 aunum
1268 3750 1415 3803 nowum
1433 3729 1518 3805 dum

405 3855 618 3932 scribebant
657 3849 779 3946 1538,
812 3859 850 3926 et
875 3851 973 3928 iuter
1001 3853 1136 3928 carnis
1155 3853 1313 3950 priuium
1351 3855 1517 3930 fecerant

406 3997 580 4078 magnum
607 3979 733 4056 ludum
752 3978 791 4052 in
810 4001 904 4054 cena
922 3986 960 4053 et
978 3979 1018 4054 in
1036 3977 1192 4078 prandio
1212 3977 1353 4079 Symon
1371 3978 1517 4056 Litera·

404 4116 484 4204 tus,
505 4115 542 4184 et
560 4105 777 4183 deridebant
804 4105 988 4182 dominum
1017 4108 1301 4202 gubernatorem
1330 4105 1518 4182 demodis

404 4235 557 4332 iterum,
578 4231 753 4310 videlicet
772 4231 941 4308 Nadasdi
961 4231 1140 4329 Thomas,
1153 4239 1190 4308 et
1199 4232 1341 4308 Paulus
1360 4231 1516 4308 Pozaka

404 4362 450 4440 de
475 4361 634 4438 nacione
670 4357 813 4454 Zalka,
843 4365 881 4434 et
907 4356 1108 4436 Ladislaus
1142 4358 1312 4434 notarius
1340 4356 1515 4458 Symonis

402 4486 587 4589 prorisori
614 4485 785 4562 Buden..
816 4485 865 4560 Et
892 4484 939 4564 de
965 4485 1176 4562 ciuitatibus
1202 4486 1354 4584 pulcras
1390 4483 1514 4562 adole·

403 4616 592 4692 secutulas
609 4615 707 4690 intro
725 4613 926 4689 invitarant
950 4613 998 4688 ad
1015 4611 1231 4711 prandium,
1251 4610 1354 4688 etad
1372 4633 1512 4704 cenam,

403 4747 442 4815 et
457 4741 559 4818 viros
577 4761 664 4816 suos
681 4739 981 4836 inebriabantur,
1001 4747 1040 4816 et
1056 4747 1226 4816 recenter
1244 4739 1511 4817 mechabantur
