3294 5208
374 300 427 377 24

481 499 576 576 Inde
608 501 770 579 Vienam
790 500 872 578 Rex
902 501 1068 580 Mathiac
1094 501 1264 580 habenas
1283 501 1493 580 Germano·

374 649 458 704 rum
475 629 631 724 regebat
649 635 687 702 ct
705 627 977 706 dominabatur.
1007 629 1085 708 Istc
1113 629 1238 730 Obcrc
1252 631 1380 708 ‘valde
1397 631 1497 710 intro

376 761 458 831 erat
476 762 569 854 aput
596 753 751 852 Regem.
779 755 967 835 Dicebant
992 756 1187 856 aepiccimc
1205 755 1277 836 aibi
1296 765 1336 833 et
1362 781 1497 836 concu-

376 883 504 958 lebent
522 880 630 956 amici
650 882 708 958 cui
728 883 814 958 boni
834 873 873 958 et
890 907 937 961 ex
957 881 1164 980 Hungaria‚
1186 892 1227 960 vt
1245 907 1369 960 coram
1388 883 1498 983 Rege

376 1009 519 1108 poplite
539 1031 652 1084 curvo
671 1007 821 1084 caderet
839 1009 1008 1106 graciam
1027 1010 1109 1086 cive
1126 1010 1277 1086 veniam
1295 1011 1410 1110 capiti
1429 1035 1499 1089 cuc

376 1138 608 1234 impetraret.
636 1135 687 1210 Et
713 1133 795 1232 ipae
824 1133 1048 1212 Chcrcaalw
1086 1137 1253 1214 dicebat:
1294 1138 1406 1235 „Jarn
1433 1139 1499 1216 diu

378 1262 461 1338 Rex
481 1262 618 1340 oblitus
636 1268 753 1358 estet
771 1283 956 1360 nunquam
976 1263 1059 1340 Rex
1078 1265 1339 1340 memoratur.“
1371 1263 1499 1342 Semel

379 1390 463 1466 Rex
482 1387 675 1463 iracundia
694 1394 910 1484 commotus,
931 1389 1030 1486 quod
1049 1389 1132 1490 ipae
1152 1387 1380 1467 Gbcrcalaw
1399 1393 1498 1468 cele·

378 1515 470 1594 riter
499 1517 648 1592 astabat
682 1537 809 1592 ccram
846 1523 998 1616 propter
1033 1515 1148 1594 valde
1185 1519 1379 1596 confessus
1414 1527 1501 1598 crat

379 1649 469 1741 aput
488 1641 650 1740 Regem,
673 1664 785 1739 quum
805 1645 925 1720 semel
943 1651 1112 1721 curreret
1129 1651 1215 1742 post
1232 1643 1388 1742 Regem,
1406 1645 1503 1723 dixit

380 1769 485 1846 Rex:
528 1766 724 1867 „Oapiatia
750 1769 861 1847 icbrm
889 1771 1074 1847 latronem
1103 1779 1142 1846 ct
1168 1779 1320 1870 portare
1347 1772 1395 1847 ad
1413 1796 1499 1872 pre-

379 1896 512 1972 torium
531 1895 729 1974 civitatis.“
762 1895 860 1988 Quia
873 1900 953 1995 jam
974 1897 1076 1976 cives
1102 1921 1228 1976 coram
1246 1897 1351 1999 Rege
1369 1907 1503 1976 ccntra

383 2047 466 2100 cum
486 2015 690 2102 fascioncm
709 2023 893 2122 fecerunt,
914 2029 1052 2101 etcum
1071 2050 1116 2102 cc
1136 2027 1333 2128 expurgati
1351 2027 1502 2104 fucrant

380 2151 496 2246 cives,
515 2150 613 2252 quod
632 2149 754 2226 adbuc
781 2149 864 2248 ipae
892 2151 1169 2232 conciliavisset
1186 2154 1302 2230 cives.
1342 2154 1393 2230 Et
1420 2177 1501 2232 cre-

382 2278 475 2356 didit
485 2277 580 2372 Rex,
594 2285 652 2354 eat
670 2275 1164 2356 decolatuccctOherozlaw
1183 2280 1370 2358 Bcbemus
1388 2281 1498 2358 buc.

383 2405 435 2482 Et
461 2411 662 2504 propterca
690 2405 847 2502 quilibet
872 2401 1038 2482 traditor.
1058 2407 1157 2484 male
1189 2407 1501 2486 exterminabitur

383 2541 420 2611 et
432 2531 525 2632 justi
544 2538 681 2610 terram
705 2530 1013 2610 hereditabuutur
1032 2539 1102 2610 etc.

725 2837 1058 2941 (carinianum
1077 2837 1165 2942 rx).
1222 2851 1225 2854 ·

490 3060 599 3138 Janr
619 3058 720 3133 Rex
740 3056 959 3136 Mathias
978 3056 1311 3133 intendebant
1329 3065 1506 3134 contra

385 3186 645 3264 Gaesarem
676 3184 958 3278 Turcarum,
986 3190 1025 3257 et
1051 3183 1236 3282 epistolas
1264 3185 1401 3267 multas
1420 3207 1504 3283 per-

385 3313 487 3390 misit
504 3309 665 3389 scriben.
694 3311 870 3410 precipue
899 3309 947 3385 ad
973 3333 1076 3386 mare
1103 3307 1227 3411 ch*)
1256 3310 1356 3388 arcis
1379 3317 1420 3386 vt
1436 3335 1504 3408 ga-

386 3440 478 3516 liam
497 3427 672 3536 magnam
691 3425 894 3535 precipien.
922 3435 1150 3513 fabricarent
1169 3435 1337 3513 Dalmati
1367 3459 1413 3512 ac
1439 3461 1506 3513 na-

387 3591 466 3663 ves,
496 3565 535 3641 in
563 3586 636 3664 quc
664 3563 781 3640 millia
809 3565 972 3642 virorum
999 3563 1116 3658 icrct3
1145 3563 1239 3638 etin
1257 3564 1362 3662 galia
1380 3563 1507 3640 decem

389 3693 505 3788 milia,
524 3692 628 3770 etcic
645 3691 692 3767 dc
710 3672 881 3791 singuiis.
912 3691 964 3766 Et
972 3689 1142 3790 precepit
1160 3710 1273 3789 cuper
1292 3689 1505 3766 Danubium

389 3845 436 3898 ex
454 3827 611 3916 utraque
631 3817 695 3894 fini
715 3817 880 3894 Danubii
899 3817 1071 3893 civitates
1089 3821 1127 3892 ct
1145 3815 1371 3914 cpidulia,vt
1387 3839 1504 3894 nauca

388 3949 620 4028 fabricarent
645 3971 692 4024 ac
718 3951 993 4046 promtuarent3
1023 3951 1062 4020 et
1087 3945 1337 4041 magnatibus,
1375 3945 1504 4024 barro·

390 4075 510 4170 nibua‚
548 4074 734 4152 nobilibus
770 4080 808 4150 et
845 4071 1085 4170 ignobilibuc;
1124 4091 1240 4168 equos
1276 4071 1448 4182 foverent
1472 4078 1510 4146 et

390 4201 539 4302 gladios
566 4207 720 4278 acutarc
737 4201 915 4296 iacerent,
926 4197 1061 4276 atalia
1076 4196 1227 4276 diversa
1244 4219 1355 4276 arma
1372 4197 1512 4276 bellica

392 4329 565 4434 polirent.

429 4611 452 4676 ⁹)
465 4609 564 4669 Aru:
588 4607 726 4684 „⁸W“
742 4607 857 4672 vam
874 4615 974 4685 anger
985 4609 1106 4672 mellctt¹
