3248 5210
420 477 475 560 54

425 682 577 756 maurus
596 695 677 752 sum
697 673 817 752 oculis
836 673 942 752 meis.
964 671 1073 766 Quod
1083 673 1244 750 Romani
1263 675 1545 753 admirabantur

424 807 471 883 de
488 806 558 882 tali
578 803 823 881 borname'nto
843 801 1062 878 diuiciarum
1084 824 1234 878 suarum
1253 801 1437 898 Hungaro
1456 827 1543 880 vno.

424 935 523 1032 quod
551 942 627 1008 tam
655 931 836 1007 ditissime
865 932 1043 1006 intrasset
1071 929 1119 1003 ad
1147 929 1324 1022 Romam,
1353 932 1407 1004 ita
1426 933 1545 1006 fertur

426 1061 587 1155 dixisse,
618 1058 717 1156 quod
745 1055 878 1133 Oceani
908 1055 1117 1134 'lurcorum
1137 1058 1175 1130 in
1194 1057 1346 1154 scriptis
1365 1057 1544 1154 protulis—

428 1195 513 1266 sent
530 1191 759 1262 scrutatores
778 1183 848 1258 sui.
870 1179 1038 1278 Cumque
1057 1180 1314 1258 descendisset
1333 1181 1381 1257 ad
1399 1183 1544 1282 palaci-

416 1335 637 1407 umanum,
667 1311 836 1410 percepit
864 1309 990 1384 kokos
1018 1331 1127 1404 suos,
1158 1317 1209 1404 vt,
1229 1310 1388 1406 quilibet
1405 1309 1546 1386 babeat

429 1463 581 1519 auream
601 1439 731 1514 vibam
751 1436 798 1510 ad
818 1443 931 1534 caput
949 1457 1056 1510 suum
1075 1443 1112 1509 et
1131 1443 1251 1536 selotp
1271 1435 1306 1538 ⁴¹)
1326 1438 1419 1511 etin
1439 1446 1546 1514 veste

429 1589 618 1668 purpureo
655 1565 717 1639 vel
746 1565 877 1640 serico.
916 1563 967 1638 Et
994 1565 1082 1638 iecit
1118 1563 1280 1640 bornare
1310 1587 1392 1639 cum
1421 1567 1548 1642 aureis

429 1693 594 1772 vasculis
613 1699 650 1768 et
668 1691 772 1766 vasis
793 1692 984 1785 argenteis
1003 1689 1171 1765 adenem
1191 1713 1361 1788 mensas;
1382 1703 1419 1766 et
1434 1717 1546 1770 vnam

430 1843 595 1897 mensam
613 1819 765 1914 longam
785 1839 886 1892 more
906 1816 1098 1901 Italorum,
1116 1818 1211 1892 etad
1229 1819 1363 1914 vigimi
1382 1822 1547 1918 quinque

428 1947 607 2026 scutellas
626 1953 802 2024 aureatus
820 1943 1074 2042 eprehendere
1095 1945 1250 2020 fercula.
1272 1945 1322 2019 Et
1333 1945 1380 2020 ad
1389 1949 1545 2023 tercium

430 2073 529 2150 diem
549 2074 637 2148 lecit
655 2071 817 2147 inuitare
843 2069 1078 2147 cardinales.
1110 2071 1160 2145 Et
1180 2093 1275 2148 vnus
1295 2095 1342 2146 ex
1362 2075 1438 2166 cis,
1469 2073 1547 2152 Ge·

432 2202 561 2298 orgius
597 2201 723 2276 senior
759 2197 928 2294 neglexit
956 2198 1012 2273 irc
1040 2197 1087 2272 ad
1114 2197 1310 2295 prandium
1339 2221 1459 2275 suum.
1500 2201 1550 2276 Et

433 2327 601 2404 Thomas
629 2325 773 2423 rotipar
809 2323 899 2430 fecit
927 2323 1024 2398 alios
1054 2325 1221 2421 prelatos
1260 2327 1486 2403 claustrales
1515 2338 1550 2402 et

432 2457 604 2532 doctores
632 2451 681 2528 ad
708 2451 904 2550 prandium
933 2473 1039 2526 suum
1068 2453 1217 2545 venire,
1247 2462 1284 2528 et
1312 2455 1551 2552 inplcuerunt

433 2603 599 2658 mensam
619 2588 657 2656 et
675 2579 724 2656 ad
741 2587 820 2654 tres
838 2579 919 2654 dies
948 2579 1154 2677 bospitauit
1181 2603 1257 2656 cos.
1289 2582 1340 2656 Et
1366 2603 1440 2658 vox
1470 2590 1551 2658 erat

434 2709 545 2786 valde
556 2708 604 2784 ad
613 2705 799 2782 'rhomam
817 2706 961 2804 rotipar
980 2707 1131 2802 uulgata,
1154 2715 1194 2780 vt
1212 2709 1294 2805 ipse
1305 2707 1411 2782 lieret
1429 2709 1548 2808 Papa.

436 2836 563 2934 Aliqui
585 2834 778 2928 dicebaut,
805 2856 879 2909 non
899 2834 1109 2930 alinigena,
1139 2835 1206 2909 sed
1225 2835 1275 2910 sit
1293 2835 1434 2932 Italus,
1454 2839 1551 2913 sicut

436 2971 645 3060 antequam.
677 2960 741 3036 Ait
759 2960 929 3036 dominus
949 2959 1219 3056 Strigoniensis
1240 2990 1247 3034 :
1273 2961 1487 3058 „Intremus
1504 2963 1551 3038 ad

436 3088 689 3165 consitcrium.
729 3095 766 3160 et
793 3085 951 3183 quilibet
977 3086 1088 3160 abeat
1115 3109 1244 3162 vocem
1272 3110 1378 3164 suam
1406 3091 1444 3164 in
1470 3115 1550 3167 soc·

437 3214 571 3291 dulis.“
595 3214 646 3288 Et
663 3214 719 3292 sic
738 3213 877 3287 lactum
897 3220 988 3288 crat.
1017 3213 1182 3289 Volebat
1200 3215 1324 3290 senior
1344 3214 1550 3312 Georgius,

438 3351 478 3416 vt
495 3342 577 3439 ipsc
596 3349 707 3417 esset.
729 3339 837 3414 Dixit
855 3339 1024 3415 Thomas
1051 3337 1349 3436 Strigoniensis:
1374 3341 1472 3440 „Sed
1493 3345 1552 3420 cui

438 3491 521 3544 sors
539 3467 657 3542 redux
688 3468 778 3561 erit,
809 3466 875 3542 ille
894 3465 960 3540 liat
978 3465 1076 3543 inter
1093 3469 1171 3542 se.“
1203 3477 1475 3578 perseueraret·
1496 3468 1551 3571 **)

440 3595 569 3688 amb03
600 3592 791 3689 Georgius
818 3593 963 3680 senior,
996 3599 1032 3668 et
1060 3595 1132 3670 iste
1160 3593 1366 3691 Hungarus
1394 3605 1477 3674 erat
1496 3621 1550 3674 se-

441 3721 581 3796 cundus
609 3719 754 3814 senior,
784 3720 837 3794 nil
864 3728 1085 3818 pepercerat
1111 3721 1195 3797 sibi.
1229 3720 1351 3818 „Quid
1369 3731 1408 3798 tu
1435 3723 1552 3801 babes

441 3849 594 3925 diuitias
614 3855 743 3924 contra
761 3871 839 3942 me,
861 3855 915 3923 tot
932 3849 1129 3945 pecuniam
1149 3849 1269 3927 babeo
1290 3851 1388 3948 quod
1405 3853 1552 3950 plateas

442 3975 607 4054 vicorum
629 3971 719 4074 ΙΨ·
742 3973 872 4068 Rome,
893 3973 991 4070 qnod
1010 3996 1209 4072 possumus
1228 3984 1360 4051 cuncta
1378 3977 1476 4052 intro
1496 3999 1551 4052 se-

443 4101 621 4178 minarc.“
645 4099 854 4198 Respondit
871 4099 1038 4177 Thomas
1056 4102 1199 4200 rotipar
1218 4131 1226 4176 ε
1251 4103 1358 4200 „Ego
1369 4102 1551 4179 tothabeo

444 4233 660 4324 argentum,
682 4226 780 4323 quod
799 4227 943 4306 duobus
962 4228 1071 4306 annis
1090 4253 1164 4306 non
1184 4236 1341 4328 possunt
1359 4238 1551 4306 concutere

445 4355 604 4432 ducenta
622 4355 840 4430 monetari.“
873 4355 924 4431 Et
941 4355 1100 4452 quilibet
1118 4363 1249 4455 postea
1269 4357 1395 4456 posuit
1412 4377 1549 4432 vocem.

482 4659 511 4732 ⁸)
532 4658 612 4716 dm
633 4656 785 4731 „teJkoto“.

474 4769 511 4834 “l
532 4766 611 4824 Am
633 4767 899 4834 „duneveasenek“.
