3248 5210
399 439 451 518 74

396 636 564 734 Sumque
590 637 759 716 Joannes
783 638 945 717 vaiuoda
972 639 1139 718 audisset
1156 641 1196 716 in
1214 640 1516 736 Transilluania,

397 759 495 861 quod
512 765 551 840 iu
568 765 700 863 primis
727 765 850 864 ipsum
875 768 1102 844 clamassent
1120 767 1169 844 ad
1186 769 1454 866 palatinatum,
1476 777 1519 846 et

397 892 479 990 ipse
498 896 685 989 optasset,
714 892 876 968 litteram
896 915 1001 970 suam
1019 894 1225 992 pollicitam
1251 895 1423 985 oumdde
1442 919 1520 973 sua

398 1014 557 1092 dandam
576 1015 625 1090 ad
643 1015 888 1096 Themeswar
912 1011 1124 1120 {destinauit
1142 1042 1163 1094 e
1189 1043 1369 1097 conuerso
1389 1021 1438 1096 ad
1456 1022 1518 1096 sa-

398 1139 492 1216 ciem
511 1164 628 1218 suam.
649 1141 700 1216 Et
718 1142 757 1216 in
776 1143 941 1220 secunda
964 1143 1118 1222 scedula
1136 1167 1206 1222 sua
1224 1145 1270 1222 de
1289 1147 1521 1224 assumenda

398 1265 470 1342 fide
498 1266 609 1342 valde
637 1267 849 1364 redarguit,
871 1276 908 1344 et
927 1270 1101 1348 dicebat:
1125 1272 1224 1368 ,Vbi
1246 1279 1304 1347 est
1321 1273 1414 1350 fides
1432 1281 1516 1368 tua,

398 1395 452 1468 ita
469 1394 528 1469 vie
546 1392 637 1467 mibi
655 1395 880 1489 regraoiare,
901 1394 1083 1492 quomodo
1103 1403 1139 1472 te
1158 1397 1358 1476 absoluere
1374 1399 1449 1474 ieci
1469 1399 1520 1474 de

400 1523 511 1596 manu
539 1517 682 1616 Georgi
702 1518 830 1596 Siculi.
859 1522 1002 1598 Verum
1029 1521 1176 1598 dicebat
1199 1523 1289 1598 mihi
1310 1523 1517 1621 Georgius,

401 1645 498 1744 quod
514 1645 554 1720 in
571 1645 735 1720 futurum
763 1646 932 1724 dolebo.“
966 1647 1130 1724 Posthac
1157 1670 1346 1747 nunquam
1363 1651 1521 1726 inerunt

400 1772 558 1850 invicem
587 1775 695 1850 ambo
722 1774 771 1873 lin
798 1775 974 1870 caritate,
1014 1774 1080 1852 scd
1117 1799 1263 1875 semper
1299 1777 1522 1854 invidebant

400 1923 496 1977 vnus
514 1901 685 1976 alterum.

511 2023 612 2104 1516
631 2028 750 2104 eciam
777 2029 1109 2125 congregacionem
1136 2029 1304 2106 iecerunt
1333 2031 1523 2106 adversus

402 2154 608 2253 palatinum
638 2152 869 2252 Stephanum
896 2153 1120 2253 predictum,
1150 2154 1248 2256 quod
1274 2157 1414 2232 bellurn
1441 2179 1522 2231 non

401 2287 569 2378 gereret,
599 2286 636 2356 et
663 2281 772 2356 lenus
802 2287 914 2356 esset.
944 2278 1067 2371 Quum
1090 2283 1169 2378 jam
1195 2281 1390 2358 multitudo
1409 2281 1522 2380 Hun-

402 2429 577 2503 garorum
596 2407 836 2484 advenissent
854 2405 903 2481 ad
921 2409 1254 2504 congregacionem
1273 2416 1402 2484 eontra
1420 2429 1522 2500 eum,

405 2557 479 2610 non
507 2533 611 2608 venit
628 2532 676 2606 ad
704 2527 1058 2628 congregacionem,
1089 2539 1127 2607 et
1153 2555 1397 2632 magnopere
1417 2542 1525 2608 esset

404 2659 544 2738 Joanni
567 2659 727 2736 vaiuode
754 2660 800 2736 in·
817 2661 1132 2757 congregacione,
1162 2667 1357 2758 magnates
1375 2667 1413 2735 et
1431 2661 1524 2736 bar-

404 2811 515 2866 rones
533 2794 571 2864 et
588 2787 734 2866 nobiles
753 2811 800 2864 ex
817 2788 979 2886 undique
1007 2795 1126 2888 parte.
1157 2787 1406 2880 Quamobrem
1434 2785 1523 2863 Ste-

406 2916 554 3014 phanus
582 2917 783 2994 Verbuchi
811 2923 892 2993 erat
915 2917 1022 3016 'opud
1048 2916 1248 2994 vaiuodam
1274 2917 1386 2992 valde
1414 2937 1525 2992 aoce-

405 3043 559 3142 ptabilis
575 3049 613 3118 et
621 3043 805 3139 amabilis,
826 3044 1033 3140 quianimis
1051 3042 1210 3120 fideliter
1228 3044 1416 3120 seruiebat
1433 3041 1524 3120 sibi.

407 3167 535 3266 Ipsum
571 3169 827 3244 clamaueruut
863 3176 900 3244 et
936 3171 1129 3267 elegerunt
1166 3169 1214 3244 ad
1259 3169 1523 3268 palatinatum.

408 3293 529 3385 Quum
567 3293 735 3371 audisset
770 3293 1002 3394 Stephanum
1035 3295 1237 3373 Verbwchi
1264 3296 1403 3370 iactum
1439 3295 1526 3372 sore

406 3420 618 3518 palatinus,
646 3419 715 3496 sed
736 3421 816 3518 jam
844 3428 926 3496 erat
954 3423 992 3496 in
1020 3420 1147 3515 Bude,
1185 3419 1376 3518 palatinus
1405 3420 1527 3496 Bator

410 3547 602 3647 equitabat
619 3545 664 3622 de
683 3546 939 3622 Themeswar.
965 3545 1057 3621 Inde
1075 3545 1322 3643 congregacio
1345 3545 1392 3621 de
1410 3543 1526 3621 Hatt-

407 3700 493 3752 wan
511 3674 667 3773 quilibet
685 3674 733 3750 ad
752 3673 898 3748 domum
917 3673 1115 3770 remeauit,
1136 3679 1174 3750 ct
1192 3671 1406 3773 Stephanos
1424 3671 1524 3750 Ver-

408 3803 531 3881 bwcbi
551 3799 856 3900 quemadmodum
883 3799 1047 3876 babebat
1065 3799 1211 3876 domum
1241 3797 1365 3894 Bude,
1385 3799 1526 3897 etipse

410 3937 512 4008 esset
529 3929 577 4006 ad
594 3928 841 4006 residenoiam
860 3933 1051 4004 venturus.
1176 4013 1180 4021 ¹
1445 3909 1448 3916 ⁴

516 4055 608 4133 Inde
637 4055 872 4152 magnifficus
911 4051 1126 4152 Stephanus
1160 4052 1277 4128 Bator
1305 4051 1529 4129 tristabatur

410 4205 477 4284 pre
496 4182 610 4258 nimio
628 4181 864 4276 verecundia,
886 4179 984 4278 quod
1002 4179 1192 4276 regnicole
1211 4198 1429 4274 supereum
1448 4182 1530 4252 tam

410 4311 651 4410 ignominiam
669 4310 869 4405 fecissent3
889 4309 978 4406 quia
993 4308 1064 4384 iste
1075 4304 1289 4404 Stephanus
1308 4309 1390 4379 erat
1408 4325 1530 4400 sagax

411 4437 469 4512 vir
496 4437 536 4512 in
563 4435 757 4536 scripturis
786 4435 889 4510 etin
917 4433 1125 4510 dicionibus
1152 4429 1336 4526 regalium
1361 4453 1384 4504 a
1411 4429 1529 4504 multo

411 4569 599 4662 tempore,
627 4568 666 4638 et
683 4563 823 4660 loquax
849 4564 931 4637 erat
957 4558 1079 4635 nimis.
1109 4555 1232 4650 Quum
1258 4555 1436 4632 sentisset
1461 4576 1530 4629 no-

413 4711 501 4767 uum
514 4691 594 4791 jam
612 4687 819 4790 palatinum
837 4687 877 4763 in
895 4683 1003 4762 Buda
1026 4685 1106 4782 jam
1124 4681 1348 4762 residentem
1367 4678 1530 4780 Stepha-
