3226 5220
36 646 38 750 i

1143 444 1217 524 151

121 659 184 726 trte
200 648 441 728 emoniensi
460 647 609 723 domini.
632 648 771 724 Postea
780 646 819 722 in
830 645 1102 722 Transiluania
1121 669 1217 722 mor-

118 789 186 856 tuus
202 777 280 854 fuit.

206 904 254 978 Et
282 909 416 1002 postea
439 901 523 976 Rex
552 899 733 995 Strigonii
761 906 841 974 tota
870 899 965 972 ieme
994 920 1215 998 perseuera-

118 1035 216 1106 ucrat.
236 1030 289 1104 Et
307 1028 435 1104 statim
454 1028 502 1102 ad
520 1027 730 1102 ancarum
749 1024 929 1102 Cesaram
948 1025 1051 1100 misit
1061 1047 1214 1122 precur-

118 1180 219 1233 sorem
247 1179 357 1232 suum
386 1175 500 1228 vnum
528 1153 757 1247 Racianum,
787 1159 828 1226 vt
847 1173 974 1227 curam
993 1151 1150 1226 haberet
1169 1150 1214 1226 de

118 1305 160 1356 co.
184 1281 324 1358 Eodem
352 1288 520 1378 tempore
548 1279 774 1355 audiebam:
808 1275 941 1375 „Quod
969 1277 1003 1353 si
1031 1276 1214 1376 possibile

117 1415 218 1502 esset,
245 1407 346 1504 quod
371 1406 547 1482 demones
575 1405 765 1482 excissent
792 1410 922 1480 contra
950 1403 1078 1479 hostes
1096 1425 1212 1496 meos,

117 1535 335 1610 excitarem.“
349 1533 401 1606 Et
410 1532 455 1607 dc
472 1533 567 1607 ieme
585 1554 878 1632 perueneramus
889 1531 936 1606 ad
945 1538 1091 1628 tempus
1110 1507 1235 1606 veris'

119 1662 148 1736 in
180 1661 466 1759 quadragesima
503 1662 542 1735 in
578 1659 639 1736 die
665 1661 751 1736 festi
791 1659 955 1756 Gregori
991 1683 1090 1757 pape
1126 1657 1211 1733 dum

115 1789 308 1864 scribebant
335 1809 457 1862 annus
489 1781 603 1862 1527.
633 1786 684 1860 Et
702 1793 793 1884 post.
814 1787 1012 1884 prandium
1041 1785 1124 1860 Rex
1144 1785 1210 1862 Jo-

113 1937 212 1990 annes
240 1934 422 2009 surrgens
448 1912 493 1987 de
522 1935 651 1988 mensa
679 1936 749 1989 sua
776 1913 923 1990 dicebat
948 1912 1048 1988 hec:
1073 1911 1209 2010 „Quis-

113 2041 181 2138 quis
205 2041 274 2117 erit
301 2061 445 2114 mecum
474 2040 514 2114 in
540 2041 852 2117 tribulacionibus
879 2062 997 2137 voque
1026 2040 1073 2114 ad
1097 2039 1209 2114 finem

111 2175 140 2240 et
163 2169 344 2265 perfectus
373 2167 464 2262 erit,
494 2166 696 2243 dominium
725 2169 886 2267 accipiet
904 2167 1051 2242 demum
1070 2191 1093 2241 a
1111 2167 1206 2241 me.“

113 2291 182 2384 Quo
200 2315 267 2389 ego
285 2315 431 2392 pauper
458 2293 674 2390 audiebam,
695 2319 781 2370 mox
808 2296 1021 2392 gratulatus
1049 2295 1205 2371 fueram.

112 2419 268 2495 Attamen
287 2420 462 2496 volebam
481 2420 636 2496 amitere
656 2443 752 2514 eum,
772 2420 838 2497 sed
852 2420 1035 2496 Nicolaus
1054 2419 1208 2519 Keresy

19 2531 21 2616 ξ
108 2545 367 2622 consortauerat
393 2568 472 2640 me,
501 2545 643 2642 quoda
662 2545 769 2642 Rege
796 2547 863 2621 wit
891 2547 1096 2644 impetrare
1116 2545 1206 2620 mihi

106 2693 198 2745 ruam
216 2671 449 2767 dignitatem.
475 2671 636 2747 Demum
655 2672 709 2746 nil
728 2678 944 2750 surrexerat
970 2671 1015 2746 de
1037 2725 1203 2746 ......

368 3133 701 3238 (onrruunurr
735 3134 895 3238 xnvr).
965 3125 968 3134 ’

104 3313 350 3416 ⁴⁴iduomodo
363 3321 512 3396 ¹Paulus
525 3323 655 3396 Vardo
668 3321 930 3395 declinauerat
948 3343 1000 3408 se,
1016 3343 1040 3395 a
1054 3323 1202 3396 Joanno

347 3465 469 3558 Rege,
487 3471 529 3539 et
545 3486 614 3560 per
632 3485 749 3558 quam
767 3485 933 3538 causam.

190 3695 258 3772 Isti
289 3695 362 3771 duo
390 3697 518 3773 stolidi
537 3721 582 3773 ao
600 3699 802 3774 furibundi.
823 3700 931 3775 Fecit
959 3725 1095 3779 vocare
1114 3701 1198 3779 Rex

101 3817 250 3899 Joannes
278 3823 438 3898 Panium
458 3825 624 3901 Vardam
648 3825 972 3926 archiepiscopum
991 3828 1089 3903 idem
1104 3827 1197 3905 Stri-

100 3949 295 4038 goniensem
316 3949 353 4023 in
373 3949 433 4024 die
452 3952 576 4028 carnis
595 3953 754 4050 privium
775 3954 871 4029 seria
899 3956 1026 4032 tercia.
1057 3955 1194 4048 Quam-

101 4071 204 4149 obrem
244 4075 389 4152 Paulus
418 4077 722 4177 archiepiscopus
750 4104 825 4156 non
853 4082 1001 4157 solebat
1028 4083 1195 4161 lordonis

101 4219 214 4278 carnes
231 4202 409 4300 porcinas
428 4204 641 4300 comedero,
670 4213 823 4304 propter
836 4210 1006 4306 jocosum
1025 4210 1195 4288 illusorie

100 4327 354 4428 archiepiscopi
381 4330 506 4405 omnio
533 4331 676 4407 cibaria
703 4333 844 4410 furcule
871 4343 1092 4436 preceperat
1109 4338 1193 4415 Rex

99 4449 331 4550 dispensatori
350 4477 419 4532 suo
439 4455 618 4534 Michaeli
647 4459 791 4556 Zoloti,
821 4469 862 4537 vt
878 4461 1054 4540 bardones
1072 4465 1192 4562 porei-

100 4595 209 4654 narnm
228 4581 396 4678 coquiret
415 4582 462 4658 ad
480 4605 621 4680 cenam,
642 4594 869 4685 quapropter
885 4589 1192 4693 archiepiscopus

101 4695 351 4801 strigoniensis
380 4732 454 4785 non
482 4712 691 4789 comederet
717 4737 852 4793 carnes
875 4717 1062 4817 porcinas.
1093 4727 1190 4804 Vero
