3248 5210
402 460 462 542 66

517 657 595 740 Iste
613 663 711 742 latro
730 661 879 764 quidem
897 661 1417 742 nilcnrabatdenobilissima
1436 683 1529 740 arce

409 791 565 868 Nandor
576 833 590 847 -
601 790 781 888 Albensi,
801 799 843 868 vt
860 791 1060 868 editicium
1078 792 1220 868 iaceret
1238 790 1283 867 tle
1301 791 1529 888 copertoris,

409 925 474 994 aut
501 918 547 994 de
573 919 676 995 victu
693 919 974 1016 alimoniarum,
1004 924 1069 995 aut
1091 918 1240 1017 pixides
1253 909 1465 994 'abundaret
1483 918 1529 993 in

410 1067 455 1121 ea
473 1043 549 1140 nil;
569 1043 637 1121 sed
654 1043 703 1120 ad
720 1043 948 1144 perdendum
958 1044 1213 1142 permisserat.
1243 1041 1402 1120 Atamen
1421 1045 1529 1120 omni

410 1194 507 1247 anno
527 1171 690 1269 quinque
708 1171 904 1247 comitates
931 1170 1096 1248 faciebat
1123 1193 1274 1248 censum
1301 1171 1455 1268 exigere
1472 1173 1528 1249 ab

409 1298 489 1394 eis,
518 1303 556 1374 et
574 1320 657 1374 oum
674 1298 744 1374 illa
762 1320 907 1375 summa
924 1299 1166 1398 pecuniarum
1185 1323 1292 1377 areas
1320 1307 1357 1375 et
1375 1321 1527 1398 posses-

279 1453 288 1476 ·
409 1425 536 1503 aiones
555 1425 703 1502 solebat
720 1449 863 1523 omero,
889 1425 984 1502 etin
1003 1426 1118 1504 arche
1136 1425 1468 1506 Numitor-Albensi
1488 1434 1531 1502 et

409 1555 450 1630 in
478 1551 628 1629 Sabaeh
655 1552 921 1653 semipaganos
948 1577 1038 1633 suos
1064 1555 1206 1631 intrare
1243 1555 1421 1650 cogebat,
1459 1553 1528 1650 qui

410 1680 492 1756 sinc
510 1677 784 1784 montanario*)
803 1680 1062 1760 semiebant1⁹
1079 1679 1083 1784 Ι
1101 1707 1111 1777 3
1131 1689 1168 1759 et
1186 1683 1345 1780 quilibet
1359 1679 1528 1757 dedomo

410 1829 479 1884 sua
504 1809 680 1907 portabat
707 1809 846 1886 victum
873 1808 921 1886 ad
947 1833 1060 1887 vnam
1083 1832 1271 1904 mensem3
1298 1815 1529 1907 postauam

411 1957 576 2010 mensem
594 1935 663 2012 alii
682 1937 883 2013 veniebant
901 1935 1003 2012 laici.
1024 1935 1076 2011 Et
1086 1957 1234 2036 semper
1243 1935 1416 2014 solebant
1424 1933 1529 2032 apud

411 2070 556 2162 patrem
576 2086 697 2140 meum
715 2063 909 2162 hospitare
928 2063 969 2139 iu
997 2063 1151 2141 ciuitate
1169 2060 1363 2139 Camonoh
1382 2058 1530 2181 ’,1161

410 2212 537 2266 coram
555 2197 664 2288 patre
690 2213 773 2267 meo
802 2193 1144 2288 conquerebantur,
1173 2197 1211 2268 et
1229 2189 1377 2267 dicebat
1394 2197 1527 2288 pater:

414 2313 596 2412 ,Auertat
623 2315 749 2412 Deus,
788 2317 887 2414 quod
914 2319 948 2394 si
975 2318 1052 2394 ista
1079 2341 1149 2395 arx
1186 2319 1258 2395 erit
1286 2319 1325 2393 in
1352 2317 1528 2392 manibus

412 2439 633 2540 Tarentum,
652 2445 722 2521 toti
743 2444 1010 2523 christianitati
1030 2446 1102 2523 erit
1120 2447 1285 2522 maxima
1311 2447 1428 2546 plaga
1447 2444 1526 2520 dis·

410 2569 633 2646 sancionis.“
692 2571 743 2648 Et
778 2571 923 2650 demum
951 2573 1159 2674 prophecia
1186 2574 1331 2674 inpleto
1356 2572 1428 2649 fuit
1455 2595 1525 2672 pa·

408 2697 479 2774 tris
497 2697 582 2792 mai.
808 2691 810 2694 ’

516 2813 609 2900 Inde
636 2824 785 2922 quidem
813 2827 1026 2905 sencientes
1053 2830 1265 2906 venientem
1293 2833 1459 2931 regemn
1477 2829 1527 2907 de

409 2949 532 3026 Roma
558 2951 607 3027 ad
634 2951 797 3048 Budam,
835 2962 1031 3048 magnates
1068 2955 1207 3033 domini
1244 2956 1524 3073 Huugarorum

409 3075 601 3172 variisque
628 3099 710 3152 cum
738 3078 820 3154 acie
849 3079 1021 3176 obposita
1049 3081 1124 3158 sibi
1161 3083 1526 3181 circumveniebant;

410 3203 474 3300 qui
492 3202 541 3277 ad
559 3209 642 3280 coto
662 3204 838 3302 miliaria,
859 3205 1008 3302 quidam
1033 3207 1226 3286 addacem
1244 3211 1421 3310 miliaria,
1442 3215 1527 3312 qni·

410 3327 496 3403 dam
515 3351 564 3403 au
583 3335 761 3426 quatuor,
792 3329 942 3427 quidam
961 3331 1009 3408 ad
1026 3339 1124 3429 tres,
1154 3343 1191 3410 et
1209 3336 1265 3414 sio
1284 3337 1329 3414 de
1348 3339 1525 3436 singulis.

410 3453 462 3530 Et
480 3453 670 3530 ciuitatem
689 3455 901 3534 Budensem
919 3481 965 3539 aa
983 3459 1028 3534 de
1047 3460 1185 3558 Pesth,
1211 3471 1391 3564 quotquot
1408 3435 1526 3546 habe·

409 3583 503 3658 bant
519 3583 708 3683 parochos
727 3590 764 3658 et
782 3585 1016 3684 claustrales,
1037 3611 1119 3664 eum
1128 3593 1368 3688 processione
1386 3594 1525 3673 decora

310 3761 313 3764 -
411 3733 456 3786 ao
475 3731 611 3805 magna
629 3709 675 3785 dc
687 3709 820 3788 Veteri
831 3711 937 3788 Buda
956 3716 1025 3792 snb
1043 3717 1231 3794 velamine
1240 3718 1529 3799 introduxerunt

409 3837 459 3912 ad
477 3835 667 3912 ciuitatem
687 3835 916 3936 Budensem,
947 3859 1030 3921 cum
1047 3839 1198 3942 hymnis
1217 3851 1254 3920 et
1271 3845 1427 3930 canticis
1446 3851 1525 3948 spi-

409 3963 541 4041 ritales
560 3965 780 4061 cantabant,
801 3965 869 4042 alii
888 3967 1037 4064 quidem
1055 3968 1290 4070 principibus
1308 3995 1391 4048 oum
1408 3975 1527 4054 tabiis

409 4089 536 4166 multis
555 4097 593 4164 61
611 4111 694 4166 cnm
702 4090 944 4190 timpanistis.
965 4095 1016 4170 Et
1025 4094 1071 4172 de
1081 4118 1176 4194 equo
1193 4097 1370 4194 gradatio
1381 4123 1448 4178 suo
1457 4104 1523 4179 be-

410 4217 642 4293 nediotiones
659 4217 825 4316 ponebat
842 4241 925 4296 cum
944 4221 1073 4318 digitis
1091 4223 1182 4319 suis,
1202 4231 1240 4298 61
1257 4247 1523 4306 orncemaure-

408 4352 510 4420 atum
529 4366 704 4440 magnum
723 4366 848 4424 coram
875 4347 959 4448 ipso
978 4349 1179 4446 vehentes,
1199 4357 1236 4427 61
1253 4357 1429 4450 tanquam
1448 4353 1525 4434 Dei

463 4665 496 4732 *l
517 4662 581 4722 lits
600 4663 654 4723 iaz
672 4665 745 4724 tltal
759 4665 881 4741 javltva*
894 4671 974 4734 „sins
991 4671 1147 4728 mercede‘.

444 4754 497 4824 ”l
517 4753 599 4816 Am
617 4757 803 4820 „Romanam
824 4777 842 4818 a
861 4757 1092 4836 Saertmstgben.
