3260 5226
1154 489 1232 570 atu

219 687 455 788 Quamquam
491 688 642 766 Marous
681 689 817 766 Petrus
844 697 975 768 eontra
1010 691 1232 768 monaahum

116 813 322 914 Georgium
360 816 514 892 diffieile
552 817 774 914 assumpsit3
811 817 878 893 sed
915 815 1065 914 Regina
1102 818 1233 917 pooius

115 942 361 1020 mandauerat
379 943 474 1040 sibi,
503 964 615 1040 quam
643 941 739 1020 Rex.
768 945 906 1019 iterum
925 943 1063 1021 Petrus
1081 943 1234 1021 Marous
1339 1003 1342 1019 .

114 1067 302 1146 ordinauit
328 1091 413 1146 sese
441 1069 490 1145 ad
517 1068 757 1146 scrutandum
785 1053 868 1146 oum
897 1071 1073 1166 notariis,
1095 1079 1133 1146 et
1150 1093 1233 1147 oum

114 1195 358 1297 eomputistis.
379 1197 515 1272 'I'otam
534 1197 821 1275 Philistinorum
841 1198 1000 1295 Regiam
1018 1198 1233 1295 inquisitio-

119 1347 203 1400 nem
221 1324 312 1401 feeit
330 1324 421 1402 dure
440 1326 625 1421 intereos,
647 1348 802 1424 eumque
820 1327 872 1403 ibi
892 1325 1120 1404 absoluisset
1138 1347 1234 1426 opus

115 1473 243 1544 suum,
271 1451 376 1524 venit
403 1450 502 1526 ultra
528 1449 703 1526 Thioiam
731 1473 813 1526 eum
841 1451 1024 1530 obaterua
1049 1475 1119 1528 sna
1137 1452 1235 1529 inter

117 1575 327 1671 Cumanos3
357 1577 420 1653 vbi
440 1577 538 1652 omui
556 1601 655 1654 anno
680 1581 948 1677 presentabant
975 1579 1167 1676 Regiestis
1186 1577 1234 1653 ad

117 1703 312 1802 ooqoinam
343 1706 446 1782 mille
474 1706 610 1800 boues,
640 1704 767 1782 deoem
788 1707 892 1784 milia
911 1707 1046 1784 modiis
1072 1707 1233 1804 frugum,

116 1833 201 1930 pisa
228 1833 428 1930 sexaginta
455 1833 600 1931 pintae,
630 1832 676 1910 de
694 1834 818 1910 butiro
847 1835 893 1912 de
919 1835 1104 1931 formagia
1124 1857 1234 1912 oaseo

118 1963 189 2038 duo
218 1959 323 2036 milia
350 1960 599 2058 propinabant
626 1961 674 2036 ad
703 1985 825 2037 aream
864 1961 1007 2038 Buden.
1037 1985 1106 2060 pro
1134 1962 1234 2038 viotu

119 2089 234 2166 Gurie
262 2086 512 2184 Regiestatis,
542 2087 645 2163 etin
673 2091 886 2188 preparatis
904 2090 942 2164 in
962 2090 1135 2188 peouniis
1162 2089 1235 2166 duo

117 2215 221 2292 milia
252 2213 477 2290 florenorum
505 2215 605 2288 omni
631 2238 739 2291 anno.
770 2213 876 2316 ¹⁰3·st
907 2215 1004 2309 Quia
1031 2216 1097 2292 ille
1121 2216 1237 2293 irater

120 2341 310 2438 Georgius
346 2340 530 2417 heremita
568 2340 712 2417 demum
750 2343 902 2420 fouebat
938 2351 1114 2442 parentas
1148 2364 1237 2420 suos

123 2468 296 2546 Oroakos
315 2491 360 2542 ae
379 2489 527 2544 sorores
544 2489 655 2563 suos3
683 2476 721 2543 at
747 2469 859 2545 valde
886 2477 969 2546 erat
994 2468 1173 2569 prodigus
1198 2471 1241 2547 in

120 2603 303 2695 prouentu
322 2593 438 2671 Saore
458 2593 616 2688 Corone.

226 2721 350 2814 Quum
370 2721 464 2798 vidit
482 2745 526 2798 ao
547 2723 746 2817 intellexit,
767 2747 790 2798 a
809 2723 915 2820 Rege
933 2724 1083 2802 Joanne
1096 2722 1237 2822 (teipso

120 2850 520 2950 raoionemaeoipere‚
540 2850 691 2926 tremuit
717 2851 850 2946 valde,
880 2849 978 2949 quod
997 2853 1076 2949 jam
1095 2849 1179 2926 Rex
1197 2850 1238 2926 in

122 2999 187 3054 oso
205 2975 390 3072 babebat,
410 2999 469 3052 ma
487 2976 617 3054 videre
636 2977 821 3076 cupiebat.
843 2981 961 3074 ane,
989 2978 1128 3054 fratres
1147 2977 1236 3054 oba-

122 3103 278 3198 tissimi,
308 3125 444 3200 magna
472 3103 665 3180 simulatio
694 3105 820 3181 oeulta
837 3129 882 3181 ae
900 3105 1079 3205 praetioa.
1100 3103 1237 3198 Quam-

124 3231 250 3308 obrem
269 3229 505 3306 oonsiliariua
520 3237 601 3306 erat
628 3228 879 3326 Regiestatis,
910 3230 1117 3328 Georgium
1138 3229 1237 3308 Hor-

124 3357 221 3432 wath
242 3362 525 3433 conterraneum
544 3379 652 3434 suum
670 3359 812 3454 eligere
831 3358 975 3434 feeerat
993 3358 1041 3433 ad
1059 3356 1238 3435 Cesaram

126 3481 332 3562 Tureorum
352 3483 615 3581 inrogatione,
637 3485 734 3582 quod
753 3485 786 3562 si
806 3487 892 3582 quis
910 3493 1010 3563 esset
1028 3485 1151 3561 tidelis
1166 3483 1238 3560 Re·-

124 3609 295 3706 giestatis
321 3611 472 3687 veroin
490 3611 710 3708 Hungoria3
739 3621 776 3688 et
800 3611 964 3710 suspioio
989 3617 1119 3687 eontra
1146 3633 1238 3712 vay-

126 3737 267 3816 wodam
288 3737 424 3834 Majlat
442 3735 789 3814 Transsiluaniensi
808 3743 908 3814 esset
931 3735 1053 3812 fidelis
1071 3741 1239 3830 autnon,

127 3865 226 3940 etde
246 3863 333 3939 aliis
351 3865 485 3958 rebus,
506 3885 579 3961 que
596 3864 672 3940 ista
690 3887 765 3940 nou
781 3869 863 3940 erat
881 3863 1110 3940 eonveniens
1129 3863 1240 3940 valde

127 3997 254 4068 eontra
271 3987 426 4086 Regem,
445 3989 512 4066 sed
530 3997 571 4065 vt
589 3990 825 4089 polixaratur
843 3990 883 4064 in
900 3989 1135 4066 laxationem
1153 4013 1239 4064 ran·

128 4117 196 4195 kor
224 4115 466 4214 Regiestatis‚
497 4114 702 4214 Georgium
736 4116 895 4195 Horwat
922 4117 1123 4193 misserunt
1150 4137 1242 4212 argu

129 4242 329 4339 Cesarem3
349 4264 458 4342 quum
478 4243 670 4341 Georgius
681 4243 829 4321 Horvat
847 4252 1024 4343 tanquam
1044 4265 1243 4342 preoursor

128 4371 268 4450 maurit
286 4371 460 4448 celeriter
478 4370 526 4446 ad
543 4369 714 4469 Regnum
733 4371 934 4448 'Puroieum
953 4377 1142 4468 resumpto
1160 4369 1240 4446 aui·

129 4519 185 4576 mo
204 4522 229 4573 a
245 4498 364 4575 tratre
384 4496 553 4595 Georgio
571 4498 724 4576 ednotus
741 4498 926 4597 precipue.
955 4496 1055 4590 Quia
1070 4500 1146 4597 jam
1166 4519 1241 4574 om·

130 4649 194 4703 nes
211 4625 393 4703 otiioiaies
411 4633 497 4726 post
515 4626 737 4704 monaahum
755 4625 869 4727 periti
889 4623 927 4728 *)
954 4625 1185 4720 matralia,
1205 4633 1244 4701 et

162 4805 183 4880 'J
204 4806 428 4880 Hetyarebben:
452 4807 584 4878 „territi'
