3226 5220
407 463 484 544 190

406 666 554 742 unehat.
574 663 625 740 Et
641 661 711 740 tali
728 661 837 739 modo
855 659 1020 740 studioso
1048 661 1223 740 solebant
1241 658 1522 738 ecclesiasticas

406 815 467 870 res
486 789 674 890 discipare
697 787 874 888 Hungari
892 796 1110 886 magnates3
1139 788 1194 863 uti
1213 793 1251 863 et
1268 793 1374 862 erant
1391 809 1524 863 omncs

404 919 503 996 talos
521 916 725 1014 sacrillegi.
756 916 807 992 Et
833 916 888 992 sio
916 916 1136 1016 inceperant
1162 923 1314 994 0000000
1342 914 1522 1012 religosi:

410 1043 611 1145 „Contere
632 1043 780 1122 domine
799 1043 921 1140 Deus,
940 1042 1174 1122 inimicorum
1192 1043 1387 1141 Eculeus,
1406 1049 1445 1118 et
1462 1063 1523 1119 se·

405 1173 492 1250 clam
511 1173 674 1249 omnium
684 1172 906 1268 congregati
915 1178 1003 1250 sunt
1011 1172 1152 1250 inimici
1169 1171 1288 1249 nostri
1308 1168 1520 1248 Ecclesie.“

406 1302 458 1378 Et
475 1302 687 1386 oracionem
714 1300 769 1377 sic
794 1322 945 1378 oramus
965 1337 974 1375 ι
998 1297 1269 1400 „Omnipotens
1296 1297 1524 1398 sempiterne

406 1428 531 1525 Deus,
550 1429 590 1505 in
608 1429 714 1527 cujus
732 1448 844 1502 mauu
863 1433 949 1504 suut
967 1431 1194 1527 potestates,
1215 1426 1341 1504 omnia
1358 1424 1444 1502 iura
1461 1443 1522 1498 re·

367 1649 371 1658 .
407 1553 584 1652 ligiosum
602 1577 648 1632 ao
665 1575 731 1630 are
749 1551 894 1632 Christi
912 1554 1057 1651 hostia,
1076 1577 1146 1656 per
1172 1575 1265 1653 qnos
1293 1551 1520 1645 destruitur3

405 1682 552 1782 respice
571 1682 610 1759 in
635 1679 814 1758 auxilium
840 1681 1051 1779 regisorum
1079 1681 1220 1778 sacris,
1248 1687 1291 1757 vt
1316 1677 1523 1774 sacrilego·

405 1830 506 1906 rum,
528 1808 592 1906 qui
610 1808 649 1884 iu
667 1829 819 1888 suarum
838 1808 1117 1908 despohacione
1136 1807 1310 1886 Ecclesia
1328 1803 1524 1904 gratulan-

404 1943 484 2030 00ος
513 1940 551 2012 00
566 1957 646 2034 per
671 1934 864 2014 dexteram
889 1942 952 2012 tue
980 1935 1153 2035 potencie
1171 1939 1432 2028 conterantur,
1451 1953 1522 2032 per

406 2060 597 2140 Christum
615 2062 803 2140 (lominum
822 2069 990 2140 nostrum
1009 2064 1154 2140 amen.“
1370 2135 1373 2142 .

512 2189 564 2266 Et
571 2189 629 2267 sio
638 2189 835 2268 Emericus
854 2189 971 2286 Primi,
990 2198 1098 2290 pater
1116 2189 1283 2290 ejusdem
1297 2187 1403 2266 Petri
1413 2185 1523 2264 Prini

405 2317 603 2396 abbaciam
622 2315 765 2412 Bothe,
785 2316 850 2392 vbi
869 2340 979 2394 sacra
997 2323 1130 2396 sancto
1156 2319 1365 2418 apparebat
1381 2337 1408 2390 a
1424 2313 1523 2392 mul·

405 2446 455 2522 tis
474 2443 604 2539 annis3
624 2443 727 2520 etsie
736 2443 930 2520 infamiam
950 2451 1084 2522 eontra
1097 2443 1272 2523 abbatem
1288 2443 1527 2544 proclamare

404 2572 547 2648 iecerat
574 2569 780 2668 Joanncm,
810 2578 848 2646 et
874 2571 1074 2650 excludere
1100 2573 1264 2670 iecerat3
1291 2577 1330 2648 et
1355 2571 1411 2648 cic
1436 2591 1525 2647 con·

405 2701 513 2777 lusus
530 2698 619 2775 hinc
637 2703 676 2774 et
692 2695 792 2772 hano
810 2697 995 2774 currebat.
1015 2695 1067 2774 Et
1083 2706 1218 2798 postea
1228 2698 1422 2776 decessum
1440 2697 1526 2794 ejus

406 2824 508 2902 filius
527 2825 665 2902 Petrus
683 2824 792 2902 Primi
810 2824 959 2924 penitus
977 2831 1260 2926 expugnauerat
1277 2825 1415 2904 iratres
1433 2822 1524 2900 reli·

406 2955 555 3051 glocca,
576 2959 613 3030 et
631 2953 898 3031 monasterium
925 2975 1054 3032 eorum
1081 2976 1198 3054 equos
1224 2975 1314 3032 suos
1342 2959 1524 3050 tanquam

407 3081 662 3159 instabulum
698 3080 946 3180 deputauerat
981 3089 1230 3183 postremum3
1259 3088 1298 3161 et
1323 3080 1523 3178 saguinem

407 3205 548 3284 domini
573 3206 693 3284 nostri
720 3207 816 3284 Jesu
844 3205 987 3285 Christi
1015 3210 1055 3287 in
1078 3209 1250 3288 manibus
1268 3207 1348 3286 suis
1365 3205 1525 3308 capiens

407 3333 570 3434 propriis
603 3334 652 3410 ad
679 3357 803 3411 arcem
840 3355 947 3424 suam
974 3333 1118 3413 Socios.
1148 3336 1201 3412 Et
1235 3335 1340 3412 uenit
1374 3331 1523 3410 demum

407 3482 639 3561 paganorum
658 3458 798 3556 Cesar,
818 3467 856 3537 et
874 3483 1093 3560 expugnare
1117 3463 1261 3540 iecerat
1287 3463 1410 3562 ipsum
1428 3479 1523 3561 apo-

407 3594 545 3666 statam
573 3587 757 3664 latronem
776 3594 814 3664 et
831 3585 1057 3687 sacrilegum
1076 3588 1122 3668 de
1140 3611 1227 3667 arce
1245 3587 1390 3668 Socios.
1419 3585 1524 3682 Quia

407 3739 475 3816 per
491 3712 660 3792 handum
678 3721 716 3790 et
733 3736 801 3814 per
819 3715 992 3816 poncium
1009 3715 1095 3794 ficte
1112 3712 1379 3795 intraueratad
1396 3735 1524 3792 arcem

408 3840 564 3937 Socios,
588 3848 627 3918 et
652 3863 869 3942 expugnare
895 3843 1038 3921 iecerat
1062 3842 1252 3922 Andrean
1280 3844 1384 3938 Bott,
1413 3847 1452 3920 et
1481 3841 1524 3918 in

407 3965 644 4047 Crowaciam
662 3969 703 4046 in
719 3971 859 4046 hanatu
886 3991 955 4048 suo
983 3969 1063 4048 Zeu
1085 3973 1196 4072 juxta
1223 3969 1350 4068 llum
1375 3975 1414 4046 et
1431 3966 1521 4047 dnm

408 4095 623 4176 scribebant
638 4117 739 4172 anno
760 4094 795 4172 1.
813 4091 852 4172 5.
872 4091 897 4172 6
916 4092 964 4198 *).

515 4225 564 4298 Et
588 4221 647 4299 sic
672 4221 811 4304 tercius
837 4223 1036 4323 optimates
1063 4223 1138 4304 Kis
1157 4224 1328 4304 Horuati
1350 4219 1523 4316 ioannes

409 4354 577 4430 traxerat
589 4351 700 4450 juxta
718 4347 932 4427 Danubium
949 4349 990 4426 iu
1008 4349 1197 4428 ciuitatem
1207 4351 1357 4429 Zattam
1374 4352 1423 4430 ah
1442 4351 1519 4430 Ec

409 4477 528 4558 clesia
555 4474 778 4572 Baohiousi,
807 4482 846 4552 ct
862 4475 1088 4578 'possidebat
1112 4477 1258 4560 vinem.
1283 4479 1336 4557 Et
1351 4485 1438 4582 post
1456 4478 1520 4558 cle·

415 4683 723 4694 -u---n———u—-a

446 4763 479 4830 a)
500 4741 616 4819 nescu
634 4764 714 4822 uoce.
