3248 5210
1167 527 1223 613 35.

105 739 261 830 propter
278 732 412 806 iemem
431 731 619 807 cumulare
640 729 788 806 vietum.
811 734 858 806 Et
876 729 921 804 de
940 731 1219 826 armigerorum

105 863 191 931 erat
208 879 303 933 anus
330 856 539 933 'lhaoianus
567 857 694 952 miles,
723 877 808 932 mox
828 861 1038 952 cumgente
1057 855 1220 932 soaRa·

107 985 298 1058 cianorom
335 981 482 1059 adhesit
527 983 575 1058 ad
618 982 825 1058 waiuodam
862 981 1218 1058 Trasiluaniensem.

108 1111 160 1186 Et
180 1131 262 1186 cum
280 1110 352 1186 iste
371 1109 514 1185 Razaw
533 1110 697 1186 duellum
725 1109 844 1206 inegit
867 1117 996 1186 eontra
1015 1107 1221 1204 Georgium

108 1235 295 1333 Siculum,
325 1237 389 1336 qui
418 1237 550 1314 videns
577 1237 763 1312 infidelem
792 1235 1018 1333 Raoianum,
1047 1237 1104 1312 ira
1122 1259 1220 1312 oom-

109 1373 251 1460 motns,
271 1371 308 1440 et
325 1365 439 1440 sibito
453 1365 568 1462 jussit
585 1368 735 1464 portare
754 1386 888 1462 equum
907 1383 1031 1460 sunm,
1051 1371 1088 1438 et
1106 1363 1220 1441 habe-

109 1493 175 1564 bat
198 1493 275 1588 jam
306 1513 421 1588 equos
447 1492 687 1590 septuaginta
723 1489 835 1586 duos,
865 1499 904 1566 et
930 1491 1100 1564 oeleriter
1125 1488 1222 1566 sedit

109 1637 225 1714 anper
253 1639 356 1714 eum,
376 1625 413 1692 et
431 1619 601 1692 lanceam
626 1639 733 1692 suam
760 1615 963 1692 vinibrauit
980 1617 1019 1690 in
1039 1616 1221 1710 manibus,

110 1751 146 1814 et
165 1743 345 1841 impetum
373 1745 461 1819 feeit
489 1749 618 1820 oontm
646 1741 858 1838 hadom,
879 1751 916 1816 et
936 1742 1116 1840 imprimis
1135 1765 1220 1841 pro·

105 1868 199 1964 jecit
221 1869 268 1944 ad
286 1877 445 1966 terram,
466 1877 504 1944 et
531 1869 651 1968 oapud
678 1867 885 1968 amputauit
912 1867 957 1942 de
986 1868 1109 1944 dorso.
1139 1865 1221 1960 Qne

110 1991 292 2070 vidissent
319 1995 595 2092 crucigerorum
620 2003 761 2090 turma,
790 1995 922 2070 lesum
952 1996 1220 2094 clamaberunt,

112 2127 151 2192 rt
164 2121 245 2216 jam
263 2121 381 2196 eciam
400 2129 529 2196 eontra
557 2120 767 2222 vayuodam
794 2121 925 2197 libenti
954 2123 1077 2196 animo
1097 2123 1222 2200 debel-

112 2245 244 2320 larent.
274 2244 395 2339 Quum
415 2250 495 2344 jam
525 2249 678 2322 animati
707 2255 814 2324 erant
839 2247 933 2322 dixit
960 2249 1015 2324 eis
1035 2247 1223 2344 Georgius

114 2367 290 2447 Siculus:
318 2373 428 2472 „Eya
456 2374 614 2470 milites,
652 2373 706 2448 nil
732 2373 853 2448 territi
881 2373 1007 2469 scitis,
1038 2395 1123 2449 eooe
1151 2398 1223 2472 ego

113 2497 217 2594 prius
235 2499 438 2596 explorabo
464 2500 665 2575 exereitum
694 2499 895 2600 wayuode‚
926 2501 1013 2596 quia
1032 2522 1101 2597 ego
1121 2510 1222 2578 astu·

111 2637 170 2699 tua
190 2647 271 2700 aum
288 2625 475 2722 bellandi,
505 2634 650 2703 astutus
668 2649 749 2702 aum
768 2626 996 2702 euadendi.“
1030 2627 1122 2702 Inde
1142 2631 1221 2726 qui-

114 2753 196 2828 dem
221 2751 394 2826 waiuoda
424 2752 542 2827 eoiam
579 2754 740 2830 olamare
777 2753 866 2844 feeit
892 2754 939 2828 ad
967 2753 1097 2849 tidem,
1127 2755 1223 2852 quod

115 2879 239 2955 nullus
259 2879 417 2954 crucifer
438 2879 587 2976 timeat,
617 2877 846 2958 solummodo
866 2879 1070 2955 adhereant
1088 2880 1136 2956 ad
1154 2902 1223 2956 nos

116 3015 150 3080 et
168 3005 332 3080 habeant
359 3005 506 3100 signum
535 3006 692 3104 quilibet
710 3007 747 3082 in
775 3007 875 3104 pileo
907 3006 1040 3104 eapitis
1068 3005 1222 3082 viridem

116 3129 249 3232 (olid)
270 3132 407 3228 querci.
428 3130 549 3223 Quum
571 3131 759 3228 Georgius
777 3139 959 3208 serutaret
977 3138 1125 3228 gentem
1144 3132 1222 3208 vai-

119 3259 231 3356 uode‚
252 3268 505 3354 cognouernnt
531 3283 615 3335 eum
639 3259 778 3336 milites
796 3258 975 3354 vaiuode‚
1004 3259 1108 3335 solus
1127 3280 1224 3334 sem·

117 3409 180 3484 per
198 3407 332 3484 equum
360 3393 563 3483 serutaret3
584 3409 669 3463 mox
697 3393 782 3484 post
809 3387 931 3484 ipsum
960 3385 1132 3460 celeriter
1162 3407 1224 3458 ou-

118 3519 306 3588 currerunt
333 3533 446 3610 super
464 3512 615 3588 veloces
634 3535 748 3610 equos
768 3513 914 3588 nomine
940 3511 1075 3586 Petrus
1094 3511 1224 3586 Petro·

119 3641 179 3714 uit.
205 3638 300 3716 Cum
335 3639 674 3738 appropinguasset
710 3638 755 3713 de
793 3660 887 3735 equo
921 3659 989 3712 suo
1019 3635 1224 3732 Georgium

13 3779 14 3798 ³
119 3789 196 3840 cum
222 3765 334 3840 hasta
361 3763 532 3862 deposuit
556 3765 604 3840 ad
630 3773 768 3840 terram
796 3765 946 3838 difficile
974 3763 1056 3838 sine
1084 3762 1224 3836 lesione

121 3893 257 3970 mortis.
284 3892 334 3966 Et
363 3892 531 3968 Petrouit
567 3892 706 3968 blanda
741 3916 811 3968 sua
847 3893 962 3967 verba
994 3891 1093 3964 iecor
1121 3909 1226 3962 suum
1257 3877 1263 3900 '

121 4019 300 4094 edomauit
330 4044 339 4092 ε
373 4017 505 4114 „Quod
542 4020 595 4094 nil
630 4019 783 4107 timeas,
823 4019 939 4092 frater
976 4015 1025 4088 mi
1054 4013 1239 4088 amabilis.

122 4145 278 4241 Georgi,
308 4155 432 4222 tamen
450 4144 645 4241 graciosus
673 4145 841 4222 Joannes
859 4140 1031 4234 vaiuoda,
1053 4139 1100 4214 ad
1118 4137 1225 4212 fidem

120 4295 234 4346 meam
253 4271 306 4346 nil
324 4270 582 4369 perterreris.“
606 4269 657 4344 Et
675 4269 779 4344 duxit
796 4267 951 4367 paoifioe
975 4265 1022 4340 ad
1042 4265 1067 4341 J
1070 4285 1225 4340 oannem

120 4397 391 4496 Zepuaienaem.
413 4395 535 4488 Quum
549 4399 629 4494 jam
641 4393 830 4492 Georgius
846 4393 1013 4492 graciam
1032 4392 1226 4490 impetras·

120 4533 174 4598 set
190 4547 213 4598 a
230 4523 380 4601 Joanne
400 4522 582 4618 vaiuoda,
613 4521 835 4596 confortabit
853 4542 956 4614 eum,
982 4523 1022 4592 vt
1040 4523 1140 4592 esset
1159 4538 1225 4613 pa·

123 4707 434 4722 *0*—

157 4789 260 4856 'fflr
278 4787 334 4844 ket
354 4794 506 4852 ..ηιιιιιιιιιι

174 4897 258 4940 arana
282 4897 351 4940 rura
1042 4853 1067 4930 5
1115 4902 1119 4918 ·
