3226 5220
394 507 470 590 192

393 731 567 808 magnam
588 707 777 786 intrabant
794 706 999 783 insacrum
1024 699 1269 781 elemosinam
1297 697 1431 777 crucis.
1451 693 1511 772 Et

392 840 452 918 sio
469 835 515 914 de
537 835 673 914 mundo
701 832 843 912 exulati
871 837 958 909 suut
983 830 1024 906 in
1051 827 1278 926 sacrilegia,
1309 825 1397 924 quia
1421 823 1515 902 Rex

394 964 590 1064 Hungarie
604 963 761 1062 quilibet
776 957 1083 1062 predecessorum
1101 979 1252 1035 sucrum
1270 972 1515 1054 nequequam

395 1095 573 1172 obseruat
600 1089 785 1168 dicionem
819 1109 957 1168 eorum.
986 1085 1163 1163 Attamen
1189 1085 1228 1162 in
1254 1083 1516 1165 korouacione

396 1219 473 1298 diei
496 1217 656 1318 quilibet
675 1218 928 1316 jurameutum
956 1211 1177 1313 deponebat.
1207 1210 1258 1289 Et
1284 1211 1340 1290 sic
1365 1210 1517 1314 perjuri

397 1353 435 1423 et
459 1343 630 1424 infideles
657 1349 783 1440 eraut,
812 1350 849 1420 et
873 1340 1075 1443 apostatici
1100 1341 1139 1418 in
1165 1339 1258 1439 fide,
1286 1363 1381 1442 quos
1403 1341 1518 1422 Dens

398 1473 607 1552 altissimus
624 1471 664 1549 in
682 1492 820 1568 magno
837 1469 1065 1548 authoritate
1075 1470 1334 1567 constituebat,
1345 1475 1517 1548 attamen

398 1602 537 1700 ingrati
555 1599 707 1677 fiebant.
723 1597 775 1674 Et
792 1597 848 1676 sic
866 1597 971 1676 Dens
990 1597 1198 1677 altissimus
1217 1595 1391 1696 Regnum
1409 1597 1516 1676 Pau·

398 1729 511 1809 nonie
529 1728 618 1806 aliis
644 1725 819 1826 gentihus
847 1725 984 1804 ahenis
1009 1725 1184 1823 tradidit,
1213 1725 1309 1804 siout
1336 1725 1516 1826 Regnum

401 1851 754 1954 succorumque
771 1859 810 1930 et
835 1853 911 1954 ipsi
936 1855 1259 1954 persequebantur
1285 1875 1396 1934 veros
1423 1853 1518 1932 ado·

398 1989 545 2062 ratores
564 1988 633 2060 etc.
653 1978 755 2075 Quia
780 1979 973 2080 principes
1000 1979 1198 2080 Hungarie
1224 1979 1295 2058 hec
1311 1981 1515 2059 tenebant:

404 2107 470 2208 ,Si
478 2131 599 2188 nouus
609 2109 705 2205 Rex,
717 2129 825 2186 noua
837 2107 936 2185 lex.“
949 2105 1075 2184 Haud
1083 2109 1179 2188 inter
1194 2108 1299 2210 ipsos
1314 2109 1519 2210 optimates

246 2235 250 2243 '
402 2233 637 2317 Laureucius
654 2235 730 2316 dux
747 2257 822 2314 non
849 2242 931 2317 erat
956 2236 1147 2342 particeps
1164 2237 1205 2317 in
1222 2235 1431 2319 hereditate
1455 2261 1518 2322 ec.-

401 2364 617 2445 clesiastica
634 2363 758 2446 heres.

704 2649 1037 2757 (orerruuou
1069 2649 1212 2758 nun).

510 2869 562 2949 Et
578 2893 649 2969 ego
668 2891 825 2971 cumque
842 2869 1057 2950 inuenerem
1076 2871 1208 2949 rubam
1236 2891 1376 2968 meam,
1406 2877 1445 2948 et
1472 2869 1523 2950 de

405 2997 531 3075 Patak
549 2997 731 3078 aduersus
750 2996 974 3078 Caesoniam
1000 2998 1153 3100 pereni,
1181 2996 1267 3076 dum
1295 2997 1377 3078 erat
1399 2998 1521 3099 judex

406 3121 572 3204 Michael
590 3124 750 3203 Kakwk
776 3131 814 3201 et
841 3123 1034 3204 duodecim
1061 3126 1237 3204 consules
1264 3133 1372 3204 erant
1398 3129 1523 3209 tocius

406 3251 573 3331 ciuitatis
591 3252 710 3330 eciem
727 3251 933 3330 colonibus.
953 3249 1005 3328 Et
1023 3251 1251 3331 confidenter
1270 3253 1319 3332 ad
1337 3257 1520 3356 eosequi·

405 3385 551 3478 tabem,
571 3381 748 3482 quoniam
764 3379 965 3480 tripliciter
987 3381 1241 3479 juramentum
1268 3380 1523 3484 deposuerant

407 3534 532 3591 coram
559 3507 700 3588 Jcanui
728 3507 836 3604 Rege
860 3527 943 3582 cum
961 3503 1034 3582 fide
1054 3513 1166 3586 certa.
1187 3507 1238 3585 Et
1257 3517 1365 3588 erant
1382 3511 1423 3588 in
1440 3509 1519 3589 La·

407 3640 481 3716 don
507 3659 591 3714 cum
608 3633 693 3714 Rex
719 3633 759 3711 iu
778 3640 924 3711 castore
941 3654 1009 3712 sno
1027 3631 1224 3713 habitabat
1250 3638 1320 3715 suh
1346 3639 1523 3718 tentoriis

407 3767 508 3862 suis;
528 3773 567 3842 ct
583 3763 636 3842 ibi
654 3761 816 3842 secundo
835 3762 946 3840 fidem
965 3785 1116 3841 suarum
1135 3761 1385 3863 deposuerant
1393 3789 1524 3844 eoram

406 3893 586 3976 iratribus
613 3889 880 3968 heremitarum
907 3889 947 3966 in
976 3891 1140 3968 claustro
1167 3889 1300 3969 Ladon
1327 3900 1366 3970 et
1392 3915 1522 3972 coram

408 4022 518 4101 nohis
531 4018 815 4116 sacerdotibus,
836 4017 924 4117 quia
953 4017 1037 4096 Rex
1064 4018 1234 4099 Joanncs
1260 4021 1301 4099 iu
1328 4019 1523 4120 Strigonio

410 4150 467 4227 eis
486 4147 535 4225 ad
553 4167 686 4224 manus
705 4152 788 4224 octo
815 4173 934 4223 marro
952 4151 1149 4246 argentum
1174 4145 1398 4252 tradiderat,
1418 4155 1460 4224 vt
1477 4147 1526 4228 de

410 4283 565 4375 argento
600 4273 767 4376 predicto
794 4277 964 4352 monetas
992 4281 1243 4353 concuterent.
1273 4275 1325 4353 Et
1351 4275 1523 4357 Joannes

410 4405 530 4482 Eure
548 4411 629 4482 erat
647 4399 854 4500 Hungarus
880 4399 1022 4512 fccmr,
1051 4408 1089 4480 et
1115 4403 1234 4482 multa
1254 4404 1334 4504 jam
1359 4403 1525 4506 pecunia
1593 4501 1595 4508 J

410 4538 557 4632 promta
574 4535 657 4610 erat
674 4551 757 4608 cum
775 4527 879 4609 vasis
896 4529 1063 4631 impleta.

517 4658 570 4736 Et
586 4656 632 4735 de
650 4657 757 4735 Budo
773 4681 798 4735 a
815 4655 1067 4736 Ficrdinaudc
1085 4677 1172 4735 mcx
1191 4678 1388 4760 precursor
1405 4679 1520 4736 vene·

411 4790 472 4864 rat
486 4783 538 4864 ad
554 4781 834 4866 Kasmuicnses
850 4805 935 4864 cum
951 4783 1200 4888 preceptoria,
1219 4789 1262 4865 ut
1278 4783 1405 4868 subm
1422 4783 1521 4868 visis
