3260 5226
380 557 465 634 814

381 761 472 836 tunc
495 755 573 850 jam
592 738 714 828 bassa
733 748 779 824 de
797 737 885 824 arce
910 747 1026 843 elegit
1053 747 1200 844 aliquos
1219 769 1306 825 suos
1325 749 1373 824 ad
1393 771 1506 826 oocu-

380 879 548 980 pandum
574 877 730 954 vasculo
761 874 1001 970 argenteria,
1031 880 1068 948 et
1104 871 1179 948 alia
1207 895 1270 950 res
1296 877 1508 973 preciosas.

387 1007 527 1088 Padum
545 1009 756 1102 potnerunt
792 999 965 1096 quioquid
1003 999 1222 1074 cubicularii
1251 999 1389 1076 domini
1418 1023 1508 1075 ean·

385 1127 532 1224 cetiarii
550 1147 741 1226 reppere,
771 1124 839 1201 sed
866 1131 999 1198 cuncte
1025 1122 1244 1199 thesaurum
1272 1127 1311 1201 in
1343 1148 1448 1220 auro,
1467 1126 1508 1200 in

387 1253 586 1356 pecuniis,
616 1251 719 1326 etin
746 1249 912 1326 vasculis
940 1248 1185 1345 argentariis,
1215 1257 1253 1324 et
1280 1252 1359 1327 alia
1387 1252 1509 1327 multa

387 1380 581 1481 preciosas
607 1400 691 1472 res,
721 1376 870 1453 scilicet
887 1376 924 1450 in
943 1373 1169 1452 indumentis
1196 1377 1397 1476 precipue,
1418 1401 1507 1454 eon-

387 1503 628 1594 stebentsibi
646 1504 686 1578 in
705 1501 848 1578 duobus
866 1499 970 1574 milia
988 1498 1226 1575 florenorum.

485 1631 546 1722 Et
562 1637 764 1727 propterea
782 1626 978 1702 Emericns
995 1625 1170 1702 Verbech
1189 1626 1291 1704 tilius
1308 1648 1399 1704 suus
1419 1651 1506 1705 con-

387 1765 447 1836 tre
474 1755 630 1832 Turkas
656 1754 909 1853 repugnabat,
939 1758 977 1827 et
1003 1753 1162 1850 optimus
1190 1754 1299 1830 miles
1327 1761 1430 1849 erat,
1469 1764 1507 1829 et

389 1883 522 1962 melior
540 1880 649 1956 miles
668 1902 691 1954 a
709 1877 864 1976 patrein
883 1877 1070 1975 centuplo,
1091 1885 1129 1952 et
1146 1878 1357 1955 fortunatus
1374 1881 1508 1957 bonus.

391 2009 514 2102 Quum
532 2008 756 2103 neglexerat
773 2003 855 2082 Rex
874 2002 1133 2081 Fordinandus
1157 2027 1242 2081 eum
1260 2005 1309 2080 ad
1326 2006 1509 2103 quingen-

390 2145 450 2214 tos
469 2158 585 2232 equos
604 2135 753 2211 soluere
773 2131 1082 2227 mansionariam,
1112 2155 1199 2208 mox
1218 2132 1390 2230 deposuit
1409 2135 1509 2210 mili·
1596 2133 1602 2146 '

391 2263 486 2340 dam
504 2283 612 2338 suem
640 2267 771 2337 eontra
798 2259 971 2352 Turkos,
992 2265 1032 2334 et*
1048 2281 1089 2334 se
1108 2258 1228 2356 ipsum
1257 2258 1359 2334 dedit
1377 2259 1426 2335 ad
1443 2259 1509 2337 do·

392 2388 586 2468 masticem
605 2395 647 2463 vt
664 2387 937 2485 paterfamilias
955 2387 995 2461 in
1014 2385 1344 2463 Transilwaniam.

497 2515 548 2592 Et
575 2515 663 2591 inde
690 2514 788 2612 quod
819 2516 898 2611 jam
926 2513 1097 2611 sepultus
1133 2513 1268 2590 fuisset
1296 2513 1512 2613 Stephanus

393 2641 642 2719 cancellarius
680 2639 780 2738 apud
817 2639 920 2714 edem
959 2639 1096 2714 Sancte
1133 2639 1257 2717 Maria
1285 2641 1514 2737 Magdalene

392 2766 531 2846 ibidem
560 2766 685 2861 Bude,
715 2789 801 2841 mox
829 2787 988 2860 magnus
1020 2767 1134 2842 bassa
1161 2768 1368 2843 nunciauit
1382 2767 1513 2844 Marco

393 2891 598 2987 Litterato,
620 2891 718 2989 quod
737 2897 951 2968 cucurrerat
969 2891 1070 2967 circa
1088 2893 1208 2988 ipsum
1228 2893 1512 2992 quamprimum.

395 3017 523 3117 Ipsum
551 3039 755 3116 pauperum
776 3017 891 3094 Turci
920 3017 1136 3093 animabant
1162 3019 1300 3096 blando
1328 3043 1513 3115 sermone,

397 3144 496 3242 quod
523 3146 591 3222 ult
617 3145 687 3220 sibi
716 3144 855 3222 donare
885 3167 967 3220 cum
996 3145 1122 3242 aliquo
1150 3153 1256 3222 vesta
1285 3172 1328 3222 aa
1349 3169 1433 3223 cum
1450 3169 1512 3246 pe·

397 3270 516 3348 cuniis
551 3272 676 3348 bassa.
723 3271 888 3367 Oumque
925 3271 1282 3370 appropinquasset,
1318 3282 1355 3350 et
1387 3297 1512 3351 coram

398 3398 510 3486 basse
529 3404 717 3494 astarent,
748 3422 833 3474 mox
848 3399 941 3495 jusit
960 3421 1044 3473 enm
1064 3399 1204 3475 vestire
1223 3423 1305 3476 oum
1324 3402 1512 3478 cubicula-

396 3522 464 3600 riis
486 3526 566 3622 jam
593 3527 725 3619 basse,
753 3525 897 3622 rapien.
927 3547 1030 3618 eum,
1062 3526 1166 3600 etin
1194 3549 1330 3622 magua
1358 3529 1512 3604 clonaeu

397 3649 602 3728 truderunt.
624 3651 676 3728 Et
694 3652 749 3729 sic
767 3651 998 3728 donauerunt
1016 3673 1099 3726 eum
1118 3674 1199 3727 oum
1220 3652 1515 3731 abhominabilis

401 3783 598 3874 stercora,
636 3785 674 3852 et
700 3777 757 3854 sic
793 3776 1000 3854 'Parcarum
1028 3783 1086 3852 est
1122 3799 1214 3853 mos.
1251 3777 1392 3854 Dicunt
1422 3781 1515 3879 ipsi:

409 3901 605 3998 ,Interfice
632 3901 736 4000 prins
761 3925 875 4002 apes,
904 3909 942 3976 et
968 3901 1024 3980 sic
1049 3910 1136 4000 post
1163 3903 1373 3980 absinteum
1404 3907 1515 3983 mella

399 4029 535 4128 sepit.“
567 4027 640 4106 Hie
653 4034 734 4128 jam
752 4030 840 4108 talis
857 4027 980 4126 tangit
1007 4027 1217 4108 authoritas
1236 4059 1246 4105 ε
1270 4031 1517 4130 ,Maledictus

402 4161 460 4236 est
476 4154 605 4251 homo,
627 4157 689 4254 qui
709 4156 862 4232 confidit
889 4151 964 4256 ¹¹2!
988 4155 1027 4232 in
1046 4155 1233 4233 homiue.“
1267 4160 1318 4234 Et
1344 4161 1516 4238 Valenti-

401 4303 472 4362 nus
507 4283 664 4364 Therek
699 4283 907 4363 confidebat
933 4285 973 4360 in
1000 4283 1137 4362 litteris
1175 4285 1326 4387 scriptis
1363 4284 1517 4364 Cesaris

403 4415 531 4490 Zoitca
551 4415 659 4488 Zeb'm
679 4407 727 4513 ⁴¹),
756 4417 794 4487 et
822 4432 904 4489 dum
933 4411 1015 4509 ipso
1044 4409 1165 4490 Cesar
1188 4413 1294 4490 duxit
1320 4415 1369 4490 ad
1387 4417 1516 4492 vrbem

402 4533 779 4638 Gonswufinopolm
799 4561 881 4615 cum
900 4536 1026 4614 aureis
1043 4537 1180 4617 litteris
1199 4541 1277 4618 suis
1296 4541 1459 4640 scriptis,
1479 4547 1517 4614 et

441 4823 465 4888 ’J
486 4817 613 4877 Karoura
633 4822 687 4875 kae
705 4819 778 4876 dlral
796 4819 949 4876 iritdciilve.
