3238 5228
1112 555 1190 632 26¹1

95 754 271 850 epistolam
300 755 522 852 Regicstati.
553 757 604 830 Et
630 756 669 832 in
698 756 857 856 epistola
883 763 964 830 erat
990 755 1188 854 scriptum:

97 880 232 974 ,Amice
250 882 486 960 honorande!
516 882 603 958 rl'na
621 881 871 960 Serenissima
897 881 1080 980 Majestas
1098 905 1189 980 gau-

94 1005 183 1102 deat,
212 1011 301 1106 quia
318 1010 447 1087 hostes
465 1019 549 1087 tuos
576 1011 616 1086 in
635 1011 760 1089 Viena
786 1012 840 1086 ita
863 1012 1063 1106 constrixi,
1093 1012 1190 1109 quod

93 1155 210 1230 aquam
236 1159 311 1212 non
349 1144 506 1235 possunt
541 1136 692 1213 haurire
721 1137 766 1212 de
794 1136 946 1212 flumine
974 1137 1093 1234 Ister3
1122 1162 1189 1214 nec

93 1258 189 1336 habet
215 1263 351 1340 ciuitas
381 1263 550 1361 spacium
586 1263 683 1338 vnde
720 1265 863 1340 vellent
899 1264 1077 1360 exiliare3
1102 1265 1191 1362 quia

92 1408 171 1479 gens
198 1411 281 1464 mea
309 1389 550 1466 circumdedit
567 1412 666 1484 eam,
687 1413 756 1465 nec
783 1389 923 1466 habent
949 1390 1046 1465 vnde
1074 1392 1189 1466 exire.

93 1512 235 1614 Insuper
254 1517 362 1592 breui
380 1525 547 1614 tempore
567 1525 678 1615 capta
697 1517 769 1593 erit
787 1517 912 1594 statim
932 1517 1081 1594 Vienna
1099 1519 1189 1592 ciui·

91 1642 170 1716 tas.“
200 1642 253 1718 nt
271 1650 354 1717 erat
371 1643 410 1718 in
428 1643 488 1718 die
508 1643 637 1720 Sancti
658 1643 852 1720 Francisoi
872 1644 1098 1720 confessoris
1116 1645 1189 1721 ista

91 1767 175 1842 lema
193 1793 216 1845 a
235 1768 383 1846 Zothan
402 1769 522 1846 Zelim
542 1769 685 1847 Oesarc
704 1770 752 1845 ad
770 1770 915 1867 Regem
934 1770 1131 1848 Joannem.

181 1893 230 1970 Et
247 1894 409 1972 secundo
430 1895 491 1971 die
520 1896 567 1970 ad
595 1898 798 1974 crastinum
825 1896 927 1975 Luce
946 1897 985 1972 in
1003 1904 1110 1972 nocte
1130 1923 1190 1973 vs-

93 2042 152 2114 que
177 2021 223 2096 ad
252 2021 409 2098 mediem
434 2023 527 2100 iems
546 2047 682 2119 magna
701 2023 952 2100 descendebat
979 2045 1060 2100 cum
1090 2024 1189 2098 aiere

90 2147 212 2242 gelida.
253 2148 311 2224 Ad
339 2157 511 2226 octauum
539 2151 636 2226 diem
673 2151 909 2247 audiuimus,
949 2151 1047 2247 quod
1074 2149 1192 2228 Cesar

93 2273 284 2352 Turcarum
303 2300 369 2374 pre
388 2278 534 2374 manda
552 2279 694 2374 frigore
703 2302 778 2353 non
788 2279 909 2376 potuit
917 2285 1067 2386 gentem
1086 2301 1189 2354 suam

91 2403 286 2500 obseruare,
307 2405 374 2480 sed
393 2406 499 2480 multi
519 2405 735 2482 exiliebant.
767 2404 889 2482 Cesar
908 2405 1040 2481 Zohan
1058 2405 1189 2498 Zelim,

91 2529 145 2624 qui
172 2538 249 2608 erat
275 2517 423 2629 semper
451 2532 600 2609 sobrius
619 2539 656 2607 et
674 2539 820 2609 astutus
846 2533 886 2608 in
905 2533 1080 2630 operibus
1098 2533 1191 2624 suis,

90 2656 284 2734 audimmus
305 2657 402 2754 quod
421 2659 678 2736 descendisset
695 2659 740 2735 dc
759 2662 828 2736 sub
847 2659 997 2736 Vienna
1015 2659 1064 2734 ad
1082 2661 1189 2756 quin·

90 2806 151 2878 que
171 2785 339 2860 miliaria.
369 2785 418 2860 Et
436 2792 618 2862 venerunt
644 2785 806 2862 artifices
834 2808 911 2861 sew
929 2785 1124 2884 pontifices
1143 2785 1190 2859 ad

90 2910 348 3007 properandum
367 2919 536 3009 pontem,
558 2921 596 2988 et
621 2913 670 2989 ad
696 2920 866 3009 quartum
894 2913 992 2989 diem
1017 2913 1190 2989 absoluta

90 3043 160 3110 erat
174 3059 278 3134 pons.
300 3035 400 3128 Quia
420 3039 555 3132 Turci,
585 3039 649 3135 qni
669 3048 776 3116 erant
793 3040 976 3134 factores,
1006 3041 1189 3115 neminem

92 3165 298 3258 parcebant3
320 3165 386 3242 sed
415 3188 498 3240 cum
517 3168 664 3262 baculo,
694 3175 731 3242 et
750 3189 833 3242 cum
851 3167 1013 3243 fustibus
1032 3167 1071 3242 vi
1091 3189 1188 3243 com-

91 3290 276 3384 pellebant.
306 3290 440 3367 Adhuc
463 3292 628 3389 judicem
657 3293 867 3371 Budensem
895 3292 1092 3370 Albertum
1122 3295 1188 3367 Et-

91 3417 195 3518 tyeky
221 3421 399 3497 volebant
427 3423 673 3519 compellere,
712 3421 778 3498 scd
806 3423 888 3497 Rex
913 3421 1046 3518 jussit,
1077 3429 1117 3495 vt
1143 3445 1189 3495 ne

92 3547 388 3644 compellerentur
406 3547 445 3622 vi
459 3547 606 3644 judices
635 3549 818 3644 ciuitatis,
841 3555 878 3623 ct
896 3571 942 3624 ne
970 3549 1074 3647 ipsos
1103 3547 1187 3622 vili-

91 3671 303 3768 pendentum
332 3673 399 3752 sed
422 3675 538 3772 judici
563 3676 733 3774 precepit
751 3681 792 3750 vt
810 3677 949 3772 wlgum
968 3674 1131 3766 Buden,
1153 3681 1190 3748 et

93 3796 240 3876 Pestien.
266 3800 425 3877 incitant
435 3801 483 3876 ad
502 3801 753 3898 adjurandam
764 3803 832 3900 eis,
852 3800 1031 3900 quidquid
1050 3801 1106 3876 eis
1125 3823 1188 3876 ne·

91 3947 179 4002 resse
197 3926 258 4002 sit.

179 4053 230 4128 Et
246 4052 459 4131 audiuimus
487 4079 615 4152 mane,
646 4056 743 4155 quod
766 4055 903 4156 jamin
922 4055 1053 4134 Veteri
1083 4053 1188 4130 Buda

91 4177 170 4255 toret
196 4179 317 4258 Cesar
345 4180 481 4272 Zoltan
509 4183 629 4260 Zelirn
655 4207 738 4260 cum
757 4184 909 4281 agmina
935 4207 1025 4278 sua3
1053 4190 1090 4257 et
1119 4183 1187 4259 heo

92 4313 157 4380 erat
173 4307 212 4382 in
228 4307 328 4384 festo
346 4305 449 4385 Luce
477 4311 733 4408 ewangeliste.
762 4311 814 4386 Et
837 4309 921 4388 Rex
939 4299 1082 4390 audiuit
1100 4311 1187 4386 mis-

92 4453 156 4508 san
181 4435 407 4530 solenniter,
434 4444 471 4512 et
488 4437 614 4514 statim
642 4439 810 4537 precepit
827 4438 988 4534 aganoni
1015 4437 1186 4526 Nicolao,

92 4567 267 4659 nepum
293 4563 454 4640 relatum
482 4563 659 4643 docerent
677 4567 732 4662 ei,
761 4574 799 4642 et
825 4565 984 4644 dominis
1009 4569 1186 4665 precepit.

92 4689 258 4764 nemrim
277 4711 360 4766 cum
378 4689 634 4770 homamentis
652 4693 867 4770 incederent
884 4715 977 4790 erga
995 4690 1185 4770 (lasaron.

93 4809 132 4886 Et
146 4813 200 4892 rie
215 4815 353 4894 sactum
372 4825 455 4896 erat
471 4819 654 4916 quomodo
684 4819 768 4898 Rex
792 4820 1022 4919 preciperet,
1043 4825 1080 4898 at
1098 4821 1185 4898 ado-
