3260 5226
1189 547 1270 632 cca
1308 585 1310 592 ,

5 769 6 858 j
155 749 392 848 proponimus
410 748 458 824 ad
477 749 697 850 prophetam
716 749 802 826 noui
823 749 976 826 Domini
994 749 1090 828 Jesn
1109 748 1266 842 Christe

152 881 187 950 ct
204 872 283 952 Sua
301 873 483 974 Majestas
511 874 677 959 Cesarea
695 877 758 952 hio
776 899 845 953 nos
860 875 1018 978 pacifice
1043 899 1263 976 permanere

155 1027 223 1080 nos
241 1005 387 1100 valeat,
417 1007 455 1082 in
474 1005 582 1082 domo
610 1005 765 1104 quilibet
783 1005 947 1082 ciuitatis
965 1011 1092 1084 nosue
1111 1005 1150 1080 in
1168 1003 1270 1080 Albe

153 1131 312 1228 Regali3
343 1139 380 1208 ct
406 1157 475 1210 noa
502 1134 543 1210 in
569 1133 706 1210 litteris
735 1131 873 1212 nostris
899 1133 1130 1232 prescriptos
1157 1130 1268 1222 fidarp

152 1264 315 1336 nostram
337 1261 555 1355 referamus,
576 1267 614 1336 et
632 1283 652 1336 c
673 1283 855 1336 conuerso
874 1259 1145 1356 SuaMajestas
1163 1257 1270 1345 nobis

151 1387 293 1463 referat
310 1387 351 1462 in
368 1388 493 1466 aurcis
521 1387 660 1464 litteris
677 1387 775 1482 suis,
804 1387 901 1464 sicut
928 1387 1026 1464 solet
1053 1384 1130 1464 Sua
1149 1385 1268 1484 Majo-

151 1520 249 1608 stas,
269 1513 367 1610 quod
385 1514 492 1593 nobis
521 1515 666 1592 ciuibus
685 1537 730 1590 ao
748 1515 931 1593 vxoribus
949 1513 1087 1592 nostris
1104 1536 1151 1590 ao
1168 1512 1268 1606 liliis,

154 1647 190 1716 ct
208 1639 360 1718 filiabus
379 1641 517 1720 nostris
536 1643 576 1718 in
594 1664 738 1718 summu
756 1643 1029 1742 tranquillitate
1047 1663 1269 1740 permanes·

153 1769 270 1844 mus.“
293 1767 344 1842 Et
359 1768 414 1844 sic
429 1769 531 1846 ciues
549 1777 587 1844 et
605 1769 850 1850 ecclesiastici
868 1770 908 1846 in
925 1771 997 1846 tali
1015 1768 1271 1868 propositione

152 1895 416 1990 necteremus
446 1919 532 1970 mox
551 1896 717 1991 legatum
746 1895 910 1972 Turcnm
937 1919 1064 1974 coram
1092 1895 1146 1973 eis
1174 1895 1272 1986 intro

155 2021 301 2101 mittere
325 2023 519 2118 jusserunt
536 2022 577 2098 in
594 2022 778 2120 pretorio,
809 2022 918 2100 etsie
936 2023 1005 2100 toli
1030 2021 1138 2099 modo
1157 2023 1194 2100 ei
1212 2044 1270 2100 re·

108 2213 117 2240 ,
153 2151 389 2244 leuauerunt,
410 2155 447 2224 et
465 2149 644 2226 articulos
671 2149 902 2226 condicionis
931 2157 1051 2226 totum
1069 2148 1271 2249 rescripse-

152 2283 237 2352 runt
255 2277 294 2352 iu
313 2276 453 2352 tabulis
471 2275 571 2372 suis,
591 2297 663 2373 qne
681 2276 927 2352 decreuerunt
944 2259 984 2352 in
1003 2275 1161 2352 oonsilio
1191 2271 1263 2374 ¹¹9l

152 2425 290 2480 eorum.
313 2402 370 2496 Et
388 2401 443 2478 sic
461 2402 509 2478 ad
528 2425 661 2479 manus
686 2403 818 2500 legato
837 2402 971 2478 Turlro
999 2402 1268 2500 aplioauerant‚

154 2539 190 2606 ct
208 2529 373 2606 Turnum
391 2531 488 2606 bene
515 2534 790 2626 tractaucrunt,
820 2536 859 2604 et
883 2529 1037 2629 insuper
1063 2529 1268 2606 redonens-

152 2664 247 2735 rant.
278 2656 328 2732 Et
347 2655 495 2732 Turcus
514 2655 629 2732 cicius
649 2677 731 2732 cum
750 2654 887 2752 ganclio
907 2678 1043 2752 magno
1062 2640 1272 2737 transtullit

153 2806 196 2860 se
213 2805 306 2880 erga
333 2779 513 2858 Cesaram
532 2787 570 2856 et
587 2780 768 2880 aplicanit
790 2781 829 2857 in
857 2803 989 2858 manus
1018 2779 1173 2860 Cesaris
1192 2783 1269 2882 epi·

152 2910 289 2990 stolam
307 2907 486 3006 scriptam
504 2931 528 2982 a
546 2907 688 2986 ciuibus
706 2905 843 2986 Alben.
864 2907 1013 3006 Regali.

259 3033 382 3128 Quum
411 3033 530 3112 Cesar
557 3034 740 3138 sensisset
767 3041 804 3110 ct
831 3034 1058 3134 perlegisset
1085 3034 1269 3112 cenulam

152 3163 302 3258 oinium,
321 3161 529 3260 gratulanit
546 3161 657 3236 valde
677 3158 799 3238 Cesar
818 3165 947 3236 chtoc
959 3155 1128 3260 leiim).
1149 3157 1269 3252 Quum

153 3291 191 3366 in
211 3287 475 3388 epistolissuis
494 3289 650 3386 legisset
667 3287 706 3364 id
725 3293 811 3364 cst:
836 3284 964 3383 „Siout
981 3287 1079 3363 solet
1089 3285 1271 3386 Majestas

116 3423 120 3438 '
154 3415 277 3512 Sue;“
300 3437 321 3489 e
341 3436 522 3490 converso
541 3413 692 3514 scripsit
710 3412 830 3490 Cesar
848 3413 904 3490 eis
922 3412 990 3487 tali
1011 3412 1139 3490 modo:
1161 3411 1270 3510 „Fiat

153 3545 207 3620 ita
235 3543 292 3618 eis
319 3542 450 3638 gracia
477 3565 580 3638 mea,
610 3541 706 3618 sicut
731 3563 800 3639 per
827 3563 869 3616 se
891 3541 994 3640 ipsos
1012 3540 1192 3638 scriptum
1212 3545 1270 3616 cst

154 3693 221 3772 per
251 3669 480 3768 phophetam
507 3692 627 3746 meam
656 3666 965 3761 Mahwmetum;“
1007 3673 1044 3742 et
1070 3665 1110 3743 in
1141 3668 1272 3744 tabula

156 3819 286 3875 eorum
311 3797 503 3898 rescripsit
521 3796 576 3874 eis
593 3805 671 3874 tam
698 3796 873 3874 breuiter.
904 3794 955 3870 Et
972 3795 1078 3874 ciues
1096 3795 1195 3892 qnod
1211 3795 1266 3872 in·

156 3925 392 4003 tellerissent
426 3932 501 4000 tam
540 3924 766 4002 relacionem
802 3922 960 4016 facien,
990 3921 1098 4018 qnasi
1125 3920 1270 3997 dubita-

153 4053 266 4148 bant3
286 4059 324 4128 et
342 4051 522 4152 palatium
540 4049 720 4152 prepositi
739 4051 775 4126 ei
794 4050 1080 4148 (leputauerunt,
1101 4053 1138 4123 et
1156 4069 1269 4124 nunc·

155 4177 251 4252 cium
269 4185 357 4276 post
374 4179 496 4277 ipsum
517 4201 627 4254 vnum
646 4177 767 4254 ciuem
785 4176 984 4270 miserunt,
1013 4179 1054 4250 vt
1066 4175 1146 4270 jam
1165 4173 1269 4250 veni·

153 4310 211 4380 ret
236 4303 313 4382 Sus
340 4305 534 4403 Mcjestas.
564 4306 675 4382 Multi
701 4305 891 4400 dicebant,
919 4307 959 4376 vt
987 4300 1021 4377 si
1048 4299 1272 4396 contingerit

155 4431 282 4508 venire
311 4429 466 4510 Cesaris
493 4433 591 4510 intro
620 4430 903 4524 uicinitatem,
938 4432 1074 4504 extunc
1098 4431 1271 4524 poterant

158 4557 255 4634 inter
269 4561 409 4658 januas
427 4558 498 4636 sibi
525 4559 683 4638 insidias
709 4577 925 4660 preparare.
955 4553 1029 4632 Sed
1051 4551 1167 4652 judex
1195 4574 1269 4629 non

192 4841 223 4910 ⁴⁵)
243 4837 370 4897 noceor
391 4837 446 4898 scs
464 4841 537 4898 cur
556 4841 711 4898 utrumve.
