3260 5226
383 495 461 607 sas

384 753 489 826 equm
520 753 626 804 suurn
655 727 815 802 cucurrit
842 727 1047 822 gaudenter
1067 729 1114 802 ad
1134 753 1257 803 arreni
1281 729 1524 809 Budensem.

385 857 564 953 quiajam
585 857 638 931 nil
659 857 857 929 verebatur
876 856 921 928 de
942 855 1048 950 Rege
1066 855 1227 931 Joanne.
1289 951 1291 956 ι

492 982 612 1073 Quum
628 985 706 1078 jam
727 983 772 1056 de
793 1004 887 1078 equo
907 981 1006 1056 intus
1035 981 1132 1056 areis
1152 979 1425 1066 descenderat,
1464 983 1527 1056 di·

385 1116 491 1184 xerat
511 1110 740 1184 castellanus
761 1109 975 1205 Stephanus
995 1105 1136 1182 Amado
1158 1135 1166 1180 :
1192 1107 1301 1202 „Non
1322 1109 1528 1183 ascendas

355 1215 358 1228 ¹
383 1235 430 1310 ad
450 1233 593 1330 Regem
613 1236 810 1330 ‚Ioannem
833 1235 918 1332 quia
932 1237 1010 1330 jaun
1024 1258 1064 1310 es
1076 1235 1113 1308 iu
1133 1234 1281 1308 vinoulo
1301 1235 1521 1310 aaroeris.‘·

383 1361 501 1457 Equrn
530 1385 635 1438 suum
666 1363 899 1438 abstulerunt
919 1361 962 1436 de
984 1363 1064 1459 ipso
1096 1385 1215 1456 agano
1247 1360 1364 1455 Regio
1387 1361 1524 1457 Majo-

384 1487 513 1582 statis‚
546 1496 583 1564 et
601 1489 720 1586 ipsum
750 1489 982 1563 deduxerunt
1001 1488 1038 1561 in
1058 1491 1179 1564 locuni
1201 1489 1311 1562 Pauli
1332 1487 1524 1562 rirtandi.

386 1615 435 1689 Et
459 1615 546 1690 inde
575 1615 761 1692 irruerunt
790 1615 904 1690 aulici
935 1614 1125 1710 Regiestis
1144 1614 1181 1686 in
1202 1613 1351 1688 ciuitate
1371 1613 1424 1687 ad
1449 1615 1524 1690 ho-

382 1741 539 1838 spicium
568 1763 693 1834 suum,
717 1747 753 1814 ot
772 1741 991 1816 thezaurunr
1021 1763 1128 1816 suum
1150 1742 1267 1814 inulta
1286 1740 1524 1816 invenerant

276 1851 279 1858 ’
342 1850 348 1864 ’
382 1867 427 1940 de
447 1890 560 1958 auro,
581 1875 619 1942 et
637 1875 813 1962 argento,
835 1875 872 1942 et
892 1869 1045 1964 insuper
1065 1867 1212 1941 litteras
1232 1867 1368 1940 multas
1389 1867 1522 1941 tradi-

381 1994 499 2067 torias
528 2017 572 2066 ex
603 1993 762 2089 undique
792 2001 922 2069 eontra
950 1993 1148 2068 Joarurenr.
1182 1993 1231 2065 lu.
1259 1999 1392 2066 ouini-ta
1421 2019 1522 2090 pre-

382 2126 624 2194 sentauerant
656 2120 702 2193 ad
731 2144 861 2195 manus
890 2121 1102 2214 Regiestis,
1125 2128 1161 2194 et
1180 2121 1400 2216 inceperant
1420 2145 1519 2217 per-

381 2245 541 2319 lustrare
563 2254 599 2318 et
618 2247 756 2340 legere.
790 2247 936 2320 blattina
966 2249 1142 2342 majorem
1172 2245 1423 2342 prodioionem
1458 2249 1519 2324 in·

380 2379 560 2445 uenerant
579 2381 708 2448 eontra
729 2373 892 2467 Regem,
922 2397 1032 2471 quam
1065 2373 1205 2447 Paulus
1226 2371 1426 2446 rirtbandi.
1465 2377 1519 2449 Et

382 2496 464 2570 Rex
493 2497 541 2570 ad
567 2499 662 2572 faoio
692 2523 761 2574 sira
790 2500 1012 2577 destinabat,
1050 2507 1085 2573 et
1113 2501 1310 2596 perlegere
1338 2499 1520 2576 faciebat

359 2645 506 2716 ,eoram
535 2623 636 2721 ipso,
667 2633 704 2698 et
732 2627 879 2700 taoebut
908 2626 955 2698 ad
983 2625 1129 2698 nrodunr
1159 2631 1270 2699 terra.
1301 2625 1344 2698 In
1375 2642 1517 2704 mense

382 2749 537 2843 Augusti
560 2759 652 2825 erat.

486 2873 571 2950 Jarn
593 2875 715 2950 Laoki
735 2877 963 2953 Jeronimum
994 2885 1077 2950 arta
1105 2877 1207 2950 locus
1236 2878 1387 2950 tenebat
1407 2900 1514 2961 eum,

381 3005 418 3070 et
436 3003 578 3078 feoerat
597 3029 638 3079 so
659 3011 827 3100 egrotum
848 3008 885 3078 iu
906 3005 1132 3100 captiuituto.
1163 3003 1213 3075 Et
1232 3002 1312 3076 Rex
1332 3007 1516 3100 protullit

381 3149 491 3200 vnum
511 3127 647 3204 Italum
668 3131 808 3206 fisieum
831 3133 864 3204 ei
886 3129 1189 3204 attondendum.
1213 3137 1249 3202 ot
1271 3152 1327 3202 mo
1348 3152 1512 3207 conoes-

380 3255 429 3331 sit
443 3257 658 3334 saorifiuare
678 3283 865 3334 eouauneo
886 3262 922 3332 iu
943 3259 1178 3333 dubitando
1200 3257 1378 3334 oar-ceris.
1413 3263 1511 3355 «pria

380 3383 524 3458 sciebat
542 3407 600 3458 me
631 3385 710 3460 Rex·
741 3387 1008 3484 conseripsisse
1038 3393 1167 3460 eontra
1197 3385 1346 3458 eumad
1369 3385 1510 3462 Petro-

381 3509 450 3583 niu
468 3514 537 3585 sub
557 3535 680 3588 arreni
705 3514 864 3588 l‘alatha
890 3537 1003 3611 super
1023 3513 1237 3587 hulislaum
1260 3513 1386 3604 bloro3
1414 3517 1508 3610 quia

382 3635 464 3734 ipse
492 3637 610 3713 Laoki
642 3641 855 3716 Jeroninrus
885 3641 1160 3714 deliborauerat
1190 3661 1293 3716 (ruini.
1320 3641 1417 3712 latro
1450 3643 1512 3716 la·

381 3770 543 3858 tronenr3
562 3773 599 3840 et
617 3789 684 3864 per
700 3789 782 3840 euin
794 3767 986 3840 absolutus
1006 3773 1087 3840 erat
1105 3761 1301 3840 Ladislaus
1316 3765 1422 3840 More
1434 3791 1512 3864 per

379 3889 496 3970 multa
526 3915 679 3968 muuera
708 3895 899 3986 thezauri,
932 3893 1027 3968 siout
1055 3893 1232 3991 seriptum
1261 3897 1329 3966 est.
1361 3891 1507 3969 Postea

379 4037 449 4110 ego
477 4017 530 4092 fui
560 4041 683 4092 corani
714 4021 796 4116 ipso
824 4019 860 4092 in
890 4019 1071 4110 carceris,
1100 4024 1138 4091 et
1165 4039 1235 4112 ogo
1265 4015 1383 4116 ipsum
1414 4041 1507 4094 mox

378 4142 535 4237 oognoui
565 4151 704 4219 sectam
742 4167 845 4219 suam
885 4143 1141 4220 lurtteriauaui
1180 4143 1416 4219 eonfessisse.
1453 4147 1507 4221 Et

380 4277 469 4343 tono
498 4292 565 4366 per
602 4269 793 4366 ipoorisinr
832 4271 1006 4346 audiebat
1041 4271 1168 4344 diuina
1193 4271 1379 4364 misteria,
1411 4275 1505 4368 quia

378 4393 487 4468 valde
516 4401 596 4468 erat
624 4403 769 4470 astutus
799 4397 835 4470 iu
866 4397 1029 4473 moribus
1058 4397 1159 4491 suis;
1187 4405 1224 4472 et
1253 4421 1323 4493 ogo
1349 4419 1431 4472 cum
1454 4423 1505 4476 eo

378 4521 494 4594 molta
512 4521 717 4597 obiciebarn
738 4525 907 4622 obposita
927 4526 997 4600 sibi
1020 4525 1234 4621 questionis,
1256 4547 1328 4620 que
1347 4527 1506 4602 tenebat

377 4645 619 4742 sophistioam
639 4671 756 4724 suain.
779 4652 918 4727 Postea
937 4675 1006 4746 ego
1029 4653 1227 4726 ennarraui
1249 4651 1366 4746 Regi,
1398 4657 1500 4748 quod

367 4777 478 4844 ‘esset
497 4775 541 4842 de
563 4771 777 4850 Pharahoni
797 4800 943 4870 geirore.
1398 4829 1413 4864 ·
