<?xml version="1.0" encoding="UTF-8"?>
<!DOCTYPE html PUBLIC "-//W3C//DTD XHTML 1.0 Transitional//EN"
    "http://www.w3.org/TR/xhtml1/DTD/xhtml1-transitional.dtd">
<html xmlns="http://www.w3.org/1999/xhtml" xml:lang="en" lang="en">
 <head>
  <title>
</title>
<meta http-equiv="Content-Type" content="text/html;charset=utf-8" />
  <meta name='ocr-system' content='tesseract 3.04.00' />
  <meta name='ocr-capabilities' content='ocr_page ocr_carea ocr_par ocr_line ocrx_word'/>
</head>
<body>
  <div class='ocr_page' id='page_1' title='image "./emlkiratamagyar00wenzgoog_0061.png"; bbox 0 0 3294 5208; ppageno 0'>
   <div class='ocr_carea' id='block_1_1' title="bbox 392 447 442 523">
    <p class='ocr_par' dir='ltr' id='par_1_1' title="bbox 392 447 442 523">
     <span class='ocr_line' id='line_1_1' title="bbox 392 447 442 523; baseline 0.02 -1"><span class='ocrx_word' id='word_1_1' title='bbox 392 447 442 523; x_wconf 79' lang='lat'><strong>14</strong></span> 
     </span>
    </p>
   </div>
   <div class='ocr_carea' id='block_1_2' title="bbox 390 641 1511 4146">
    <p class='ocr_par' dir='ltr' id='par_1_2' title="bbox 390 641 1511 4146">
     <span class='ocr_line' id='line_1_2' title="bbox 391 641 1506 742; baseline -0.004 -21"><span class='ocrx_word' id='word_1_2' title='bbox 391 653 449 721; x_wconf 86' lang='lat' dir='ltr'><strong>ret</strong></span> <span class='ocrx_word' id='word_1_3' title='bbox 468 643 693 742; x_wconf 65' lang='lat' dir='ltr'><strong>exploratus</strong></span> <span class='ocrx_word' id='word_1_4' title='bbox 705 641 754 716; x_wconf 82' lang='lat' dir='ltr'><strong>ad</strong></span> <span class='ocrx_word' id='word_1_5' title='bbox 771 641 929 717; x_wconf 88' lang='lat' dir='ltr'><strong>limitem</strong></span> <span class='ocrx_word' id='word_1_6' title='bbox 957 649 1069 738; x_wconf 87' lang='lat' dir='ltr'><strong>terre,</strong></span> <span class='ocrx_word' id='word_1_7' title='bbox 1090 649 1128 718; x_wconf 87' lang='lat' dir='ltr'><strong>et</strong></span> <span class='ocrx_word' id='word_1_8' title='bbox 1145 643 1348 720; x_wconf 81' lang='lat' dir='ltr'><strong>thezaurus</strong></span> <span class='ocrx_word' id='word_1_9' title='bbox 1367 643 1506 721; x_wconf 77' lang='lat' dir='ltr'><strong>ibidem</strong></span> 
     </span>
     <span class='ocr_line' id='line_1_3' title="bbox 391 767 1509 867; baseline -0.001 -22"><span class='ocrx_word' id='word_1_10' title='bbox 391 771 602 846; x_wconf 78' lang='lat' dir='ltr'><strong>deducetur.</strong></span> <span class='ocrx_word' id='word_1_11' title='bbox 641 767 843 844; x_wconf 80' lang='lat' dir='ltr'><strong>Consensit</strong></span> <span class='ocrx_word' id='word_1_12' title='bbox 879 767 1045 844; x_wconf 83' lang='lat' dir='ltr'><strong>Michael</strong></span> <span class='ocrx_word' id='word_1_13' title='bbox 1072 769 1211 865; x_wconf 80' lang='lat' dir='ltr'><strong>Zilagi.</strong></span> <span class='ocrx_word' id='word_1_14' title='bbox 1249 769 1328 845; x_wconf 79' lang='lat' dir='ltr'><strong>lete</strong></span> <span class='ocrx_word' id='word_1_15' title='bbox 1356 770 1509 867; x_wconf 88' lang='lat' dir='ltr'><strong>quidem</strong></span> 
     </span>
     <span class='ocr_line' id='line_1_4' title="bbox 391 895 1507 992; baseline -0.002 -20"><span class='ocrx_word' id='word_1_16' title='bbox 391 899 518 972; x_wconf 78' lang='lat' dir='ltr'><strong>scriba</strong></span> <span class='ocrx_word' id='word_1_17' title='bbox 536 895 738 971; x_wconf 81' lang='lat' dir='ltr'><strong>Ladislaus</strong></span> <span class='ocrx_word' id='word_1_18' title='bbox 765 895 1002 970; x_wconf 75' lang='lat' dir='ltr'><strong>coactissime</strong></span> <span class='ocrx_word' id='word_1_19' title='bbox 1020 897 1241 972; x_wconf 77' lang='lat' dir='ltr'>consulebat</span> <span class='ocrx_word' id='word_1_20' title='bbox 1259 919 1304 970; x_wconf 84' lang='lat' dir='ltr'><strong>ac</strong></span> <span class='ocrx_word' id='word_1_21' title='bbox 1322 899 1507 992; x_wconf 81' lang='lat' dir='ltr'><strong>arguebat</strong></span> 
     </span>
     <span class='ocr_line' id='line_1_5' title="bbox 391 1020 1510 1117; baseline 0 -19"><span class='ocrx_word' id='word_1_22' title='bbox 391 1023 579 1098; x_wconf 88' lang='lat' dir='ltr'><strong>dominum</strong></span> <span class='ocrx_word' id='word_1_23' title='bbox 599 1043 706 1098; x_wconf 79' lang='lat' dir='ltr'><strong>sunm</strong></span> <span class='ocrx_word' id='word_1_24' title='bbox 716 1020 854 1116; x_wconf 83' lang='lat' dir='ltr'><strong>Zilegi‚</strong></span> <span class='ocrx_word' id='word_1_25' title='bbox 866 1021 965 1117; x_wconf 89' lang='lat' dir='ltr'><strong>qnod</strong></span> <span class='ocrx_word' id='word_1_26' title='bbox 982 1020 1144 1096; x_wconf 84' lang='lat' dir='ltr'><strong>Reeieni</strong></span> <span class='ocrx_word' id='word_1_27' title='bbox 1154 1029 1281 1098; x_wconf 78' lang='lat' dir='ltr'><strong>essent</strong></span> <span class='ocrx_word' id='word_1_28' title='bbox 1298 1023 1510 1116; x_wconf 79' lang='lat' dir='ltr'><strong>instabiles,</strong></span> 
     </span>
     <span class='ocr_line' id='line_1_6' title="bbox 390 1147 1510 1247; baseline -0.001 -23"><span class='ocrx_word' id='word_1_29' title='bbox 390 1173 438 1224; x_wconf 94' lang='lat' dir='ltr'><strong>ne</strong></span> <span class='ocrx_word' id='word_1_30' title='bbox 456 1150 606 1247; x_wconf 77' lang='lat' dir='ltr'><strong>penitus</strong></span> <span class='ocrx_word' id='word_1_31' title='bbox 636 1147 805 1223; x_wconf 88' lang='lat' dir='ltr'><strong>crederet</strong></span> <span class='ocrx_word' id='word_1_32' title='bbox 833 1147 900 1223; x_wconf 84' lang='lat' dir='ltr'><strong>cis.</strong></span> <span class='ocrx_word' id='word_1_33' title='bbox 932 1149 984 1222; x_wconf 85' lang='lat' dir='ltr'><strong>Et</strong></span> <span class='ocrx_word' id='word_1_34' title='bbox 1002 1147 1183 1246; x_wconf 84' lang='lat' dir='ltr'><strong>dczpotus</strong></span> <span class='ocrx_word' id='word_1_35' title='bbox 1211 1150 1389 1224; x_wconf 81' lang='lat' dir='ltr'><strong>audiebat</strong></span> <span class='ocrx_word' id='word_1_36' title='bbox 1416 1173 1510 1246; x_wconf 76' lang='lat' dir='ltr'><strong>sepe</strong></span> 
     </span>
     <span class='ocr_line' id='line_1_7' title="bbox 391 1273 1509 1371; baseline 0 -21"><span class='ocrx_word' id='word_1_37' title='bbox 391 1277 439 1352; x_wconf 82' lang='lat' dir='ltr'><strong>ab</strong></span> <span class='ocrx_word' id='word_1_38' title='bbox 459 1299 523 1351; x_wconf 90' lang='lat' dir='ltr'><strong>cre</strong></span> <span class='ocrx_word' id='word_1_39' title='bbox 541 1275 659 1350; x_wconf 83' lang='lat' dir='ltr'><strong>verba</strong></span> <span class='ocrx_word' id='word_1_40' title='bbox 686 1273 891 1371; x_wconf 78' lang='lat' dir='ltr'><strong>procedere</strong></span> <span class='ocrx_word' id='word_1_41' title='bbox 908 1277 957 1353; x_wconf 80' lang='lat' dir='ltr'><strong>ub</strong></span> <span class='ocrx_word' id='word_1_42' title='bbox 977 1299 1042 1350; x_wconf 89' lang='lat' dir='ltr'><strong>ore</strong></span> <span class='ocrx_word' id='word_1_43' title='bbox 1068 1273 1252 1371; x_wconf 82' lang='lat' dir='ltr'><strong>Ledislei,</strong></span> <span class='ocrx_word' id='word_1_44' title='bbox 1273 1276 1386 1350; x_wconf 82' lang='lat' dir='ltr'><strong>valde</strong></span> <span class='ocrx_word' id='word_1_45' title='bbox 1404 1275 1509 1350; x_wconf 90' lang='lat' dir='ltr'><strong>dole-</strong></span> 
     </span>
     <span class='ocr_line' id='line_1_8' title="bbox 391 1401 1504 1494; baseline -0.003 -15"><span class='ocrx_word' id='word_1_46' title='bbox 391 1405 456 1479; x_wconf 83' lang='lat' dir='ltr'><strong>bat</strong></span> <span class='ocrx_word' id='word_1_47' title='bbox 475 1425 604 1477; x_wconf 83' lang='lat' dir='ltr'><strong>emero</strong></span> <span class='ocrx_word' id='word_1_48' title='bbox 632 1401 757 1476; x_wconf 80' lang='lat' dir='ltr'><strong>enimc</strong></span> <span class='ocrx_word' id='word_1_49' title='bbox 786 1409 823 1475; x_wconf 89' lang='lat' dir='ltr'><strong>et</strong></span> <span class='ocrx_word' id='word_1_50' title='bbox 850 1402 1067 1477; x_wconf 83' lang='lat' dir='ltr'><strong>conferebat</strong></span> <span class='ocrx_word' id='word_1_51' title='bbox 1085 1403 1125 1476; x_wconf 93' lang='lat' dir='ltr'><strong>in</strong></span> <span class='ocrx_word' id='word_1_52' title='bbox 1148 1402 1261 1478; x_wconf 86' lang='lat' dir='ltr'><strong>cordo</strong></span> <span class='ocrx_word' id='word_1_53' title='bbox 1289 1425 1356 1480; x_wconf 80' lang='lat' dir='ltr'><strong>sno</strong></span> <span class='ocrx_word' id='word_1_54' title='bbox 1377 1401 1504 1494; x_wconf 82' lang='lat' dir='ltr'><strong>tacito,</strong></span> 
     </span>
     <span class='ocr_line' id='line_1_9' title="bbox 393 1525 1511 1630; baseline -0.001 -27"><span class='ocrx_word' id='word_1_55' title='bbox 393 1536 431 1603; x_wconf 89' lang='lat' dir='ltr'><strong>et</strong></span> <span class='ocrx_word' id='word_1_56' title='bbox 440 1525 507 1628; x_wconf 50' lang='grc' dir='ltr'><strong>ἃῆν·</strong></span> <span class='ocrx_word' id='word_1_57' title='bbox 515 1534 601 1630; x_wconf 82' lang='lat' dir='ltr'><strong>post</strong></span> <span class='ocrx_word' id='word_1_58' title='bbox 609 1527 829 1602; x_wconf 81' lang='lat' dir='ltr'><strong>thezaurum</strong></span> <span class='ocrx_word' id='word_1_59' title='bbox 838 1527 911 1602; x_wconf 88' lang='lat' dir='ltr'><strong>cito</strong></span> <span class='ocrx_word' id='word_1_60' title='bbox 923 1536 1119 1604; x_wconf 84' lang='lat' dir='ltr'><strong>currerunt</strong></span> <span class='ocrx_word' id='word_1_61' title='bbox 1137 1528 1186 1603; x_wconf 83' lang='lat' dir='ltr'><strong>ad</strong></span> <span class='ocrx_word' id='word_1_62' title='bbox 1203 1528 1387 1605; x_wconf 87' lang='lat' dir='ltr'><strong>Zendorc.</strong></span> <span class='ocrx_word' id='word_1_63' title='bbox 1408 1528 1460 1602; x_wconf 86' lang='lat' dir='ltr'><strong>Et</strong></span> <span class='ocrx_word' id='word_1_64' title='bbox 1468 1528 1511 1602; x_wconf 94' lang='lat' dir='ltr'><strong>in</strong></span> 
     </span>
     <span class='ocr_line' id='line_1_10' title="bbox 396 1653 1511 1752; baseline 0 -24"><span class='ocrx_word' id='word_1_65' title='bbox 396 1653 603 1730; x_wconf 77' lang='lat' dir='ltr'><strong>confinibus</strong></span> <span class='ocrx_word' id='word_1_66' title='bbox 621 1659 816 1748; x_wconf 79' lang='lat' dir='ltr'><strong>steterunt,</strong></span> <span class='ocrx_word' id='word_1_67' title='bbox 830 1653 1391 1752; x_wconf 80' lang='lat' dir='ltr'><strong>deposneruntredcmpcioncm</strong></span> <span class='ocrx_word' id='word_1_68' title='bbox 1409 1653 1511 1748; x_wconf 82' lang='lat' dir='ltr'><strong>Regi</strong></span> 
     </span>
     <span class='ocr_line' id='line_1_11' title="bbox 395 1779 1509 1878; baseline -0.001 -24"><span class='ocrx_word' id='word_1_69' title='bbox 395 1779 667 1874; x_wconf 85' lang='lat' dir='ltr'><strong>Rccienornm,</strong></span> <span class='ocrx_word' id='word_1_70' title='bbox 692 1785 728 1854; x_wconf 88' lang='lat' dir='ltr'><strong>et</strong></span> <span class='ocrx_word' id='word_1_71' title='bbox 747 1780 843 1854; x_wconf 83' lang='lat' dir='ltr'><strong>clam</strong></span> <span class='ocrx_word' id='word_1_72' title='bbox 862 1780 1130 1856; x_wconf 83' lang='lat' dir='ltr'><strong>ordinaverant</strong></span> <span class='ocrx_word' id='word_1_73' title='bbox 1147 1782 1326 1856; x_wconf 85' lang='lat' dir='ltr'><strong>ducentos</strong></span> <span class='ocrx_word' id='word_1_74' title='bbox 1346 1779 1509 1878; x_wconf 80' lang='lat' dir='ltr'><strong>optimos</strong></span> 
     </span>
     <span class='ocr_line' id='line_1_12' title="bbox 395 1905 1509 2006; baseline 0.004 -28"><span class='ocrx_word' id='word_1_75' title='bbox 395 1906 535 1981; x_wconf 80' lang='lat' dir='ltr'><strong>milites</strong></span> <span class='ocrx_word' id='word_1_76' title='bbox 554 1906 806 1980; x_wconf 84' lang='lat' dir='ltr'><strong>Reciancrum</strong></span> <span class='ocrx_word' id='word_1_77' title='bbox 835 1905 875 1979; x_wconf 92' lang='lat' dir='ltr'><strong>in</strong></span> <span class='ocrx_word' id='word_1_78' title='bbox 891 1908 1075 2004; x_wconf 65' lang='lat' dir='ltr'><strong>absconso</strong></span> <span class='ocrx_word' id='word_1_79' title='bbox 1099 1909 1194 1983; x_wconf 89' lang='lat' dir='ltr'><strong>lucc.</strong></span> <span class='ocrx_word' id='word_1_80' title='bbox 1214 1908 1413 2006; x_wconf 81' lang='lat' dir='ltr'><strong>Venerunt</strong></span> <span class='ocrx_word' id='word_1_81' title='bbox 1431 1907 1509 1982; x_wconf 80' lang='lat' dir='ltr'><strong>Ru-</strong></span> 
     </span>
     <span class='ocr_line' id='line_1_13' title="bbox 395 2031 1509 2130; baseline 0.001 -25"><span class='ocrx_word' id='word_1_82' title='bbox 395 2032 495 2107; x_wconf 85' lang='lat' dir='ltr'><strong>cieni</strong></span> <span class='ocrx_word' id='word_1_83' title='bbox 523 2037 609 2130; x_wconf 82' lang='lat' dir='ltr'><strong>poet</strong></span> <span class='ocrx_word' id='word_1_84' title='bbox 637 2031 824 2106; x_wconf 88' lang='lat' dir='ltr'><strong>dominum</strong></span> <span class='ocrx_word' id='word_1_85' title='bbox 852 2053 990 2127; x_wconf 86' lang='lat' dir='ltr'><strong>eornm,</strong></span> <span class='ocrx_word' id='word_1_86' title='bbox 1011 2037 1049 2106; x_wconf 93' lang='lat' dir='ltr'><strong>et</strong></span> <span class='ocrx_word' id='word_1_87' title='bbox 1075 2033 1415 2130; x_wconf 83' lang='lat' dir='ltr'><strong>pronuccianerunt</strong></span> <span class='ocrx_word' id='word_1_88' title='bbox 1433 2032 1509 2106; x_wconf 89' lang='lat' dir='ltr'><strong>Mi-</strong></span> 
     </span>
     <span class='ocr_line' id='line_1_14' title="bbox 395 2155 1510 2252; baseline -0.004 -18"><span class='ocrx_word' id='word_1_89' title='bbox 395 2159 505 2234; x_wconf 82' lang='lat' dir='ltr'><strong>chacl</strong></span> <span class='ocrx_word' id='word_1_90' title='bbox 532 2157 679 2251; x_wconf 81' lang='lat' dir='ltr'><strong>Zilagi,</strong></span> <span class='ocrx_word' id='word_1_91' title='bbox 708 2163 746 2231; x_wconf 87' lang='lat' dir='ltr'><strong>et</strong></span> <span class='ocrx_word' id='word_1_92' title='bbox 773 2155 869 2230; x_wconf 87' lang='lat' dir='ltr'><strong>dixit</strong></span> <span class='ocrx_word' id='word_1_93' title='bbox 887 2157 1034 2232; x_wconf 82' lang='lat' dir='ltr'><strong>notario</strong></span> <span class='ocrx_word' id='word_1_94' title='bbox 1058 2179 1125 2232; x_wconf 81' lang='lat' dir='ltr'><strong>suc</strong></span> <span class='ocrx_word' id='word_1_95' title='bbox 1145 2156 1346 2252; x_wconf 82' lang='lat' dir='ltr'><strong>Ladiclao‚</strong></span> <span class='ocrx_word' id='word_1_96' title='bbox 1376 2164 1417 2230; x_wconf 87' lang='lat' dir='ltr'><strong>vt</strong></span> <span class='ocrx_word' id='word_1_97' title='bbox 1434 2158 1510 2233; x_wconf 91' lang='lat' dir='ltr'><strong>iret</strong></span> 
     </span>
     <span class='ocr_line' id='line_1_15' title="bbox 395 2281 1509 2378; baseline -0.003 -19"><span class='ocrx_word' id='word_1_98' title='bbox 395 2307 478 2359; x_wconf 85' lang='lat' dir='ltr'><strong>cunr</strong></span> <span class='ocrx_word' id='word_1_99' title='bbox 496 2283 564 2378; x_wconf 80' lang='lat' dir='ltr'><strong>eie,</strong></span> <span class='ocrx_word' id='word_1_100' title='bbox 584 2289 622 2356; x_wconf 90' lang='lat' dir='ltr'><strong>et</strong></span> <span class='ocrx_word' id='word_1_101' title='bbox 638 2288 681 2355; x_wconf 78' lang='lat' dir='ltr'><strong>vt</strong></span> <span class='ocrx_word' id='word_1_102' title='bbox 706 2281 861 2360; x_wconf 84' lang='lat' dir='ltr'><strong>veheret</strong></span> <span class='ocrx_word' id='word_1_103' title='bbox 878 2281 1099 2357; x_wconf 86' lang='lat' dir='ltr'><strong>thezaurnm</strong></span> <span class='ocrx_word' id='word_1_104' title='bbox 1118 2283 1167 2356; x_wconf 86' lang='lat' dir='ltr'><strong>ad</strong></span> <span class='ocrx_word' id='word_1_105' title='bbox 1184 2281 1509 2360; x_wconf 84' lang='lat' dir='ltr'><strong>Nandcr-Albem.</strong></span> 
     </span>
     <span class='ocr_line' id='line_1_16' title="bbox 395 2407 1509 2510; baseline -0.002 -26"><span class='ocrx_word' id='word_1_106' title='bbox 395 2411 484 2510; x_wconf 79' lang='lat' dir='ltr'><strong>Ipse</strong></span> <span class='ocrx_word' id='word_1_107' title='bbox 502 2409 652 2505; x_wconf 87' lang='lat' dir='ltr'><strong>quidem</strong></span> <span class='ocrx_word' id='word_1_108' title='bbox 669 2407 782 2483; x_wconf 81' lang='lat' dir='ltr'><strong>valde</strong></span> <span class='ocrx_word' id='word_1_109' title='bbox 798 2411 982 2485; x_wconf 79' lang='lat' dir='ltr'><strong>tremebat</strong></span> <span class='ocrx_word' id='word_1_110' title='bbox 1000 2411 1076 2505; x_wconf 82' lang='lat' dir='ltr'><strong>ire,</strong></span> <span class='ocrx_word' id='word_1_111' title='bbox 1105 2409 1173 2484; x_wconf 80' lang='lat' dir='ltr'><strong>sed</strong></span> <span class='ocrx_word' id='word_1_112' title='bbox 1189 2431 1425 2506; x_wconf 82' lang='lat' dir='ltr'><strong>nequaquem</strong></span> <span class='ocrx_word' id='word_1_113' title='bbox 1442 2431 1509 2483; x_wconf 86' lang='lat' dir='ltr'><strong>ex-</strong></span> 
     </span>
     <span class='ocr_line' id='line_1_17' title="bbox 395 2533 1507 2635; baseline -0.004 -23"><span class='ocrx_word' id='word_1_114' title='bbox 395 2559 528 2612; x_wconf 78' lang='lat' dir='ltr'><strong>cusare</strong></span> <span class='ocrx_word' id='word_1_115' title='bbox 545 2533 667 2633; x_wconf 88' lang='lat' dir='ltr'><strong>potnit</strong></span> <span class='ocrx_word' id='word_1_116' title='bbox 686 2559 727 2610; x_wconf 79' lang='lat' dir='ltr'><strong>se</strong></span> <span class='ocrx_word' id='word_1_117' title='bbox 745 2537 880 2633; x_wconf 80' lang='lat' dir='ltr'><strong>ipsum.</strong></span> <span class='ocrx_word' id='word_1_118' title='bbox 904 2537 955 2611; x_wconf 87' lang='lat' dir='ltr'><strong>Et</strong></span> <span class='ocrx_word' id='word_1_119' title='bbox 973 2538 1192 2635; x_wconf 83' lang='lat' dir='ltr'><strong>preparcnit</strong></span> <span class='ocrx_word' id='word_1_120' title='bbox 1211 2560 1252 2612; x_wconf 79' lang='lat' dir='ltr'><strong>ee</strong></span> <span class='ocrx_word' id='word_1_121' title='bbox 1271 2559 1353 2611; x_wconf 85' lang='lat' dir='ltr'><strong>cunr</strong></span> <span class='ocrx_word' id='word_1_122' title='bbox 1372 2535 1507 2631; x_wconf 87' lang='lat' dir='ltr'><strong>equiti-</strong></span> 
     </span>
     <span class='ocr_line' id='line_1_18' title="bbox 394 2662 1509 2761; baseline -0.004 -21"><span class='ocrx_word' id='word_1_123' title='bbox 394 2665 464 2740; x_wconf 80' lang='lat' dir='ltr'><strong>bus</strong></span> <span class='ocrx_word' id='word_1_124' title='bbox 482 2662 615 2759; x_wconf 80' lang='lat' dir='ltr'><strong>paneis</strong></span> <span class='ocrx_word' id='word_1_125' title='bbox 634 2670 773 2738; x_wconf 91' lang='lat' dir='ltr'><strong>etcum</strong></span> <span class='ocrx_word' id='word_1_126' title='bbox 795 2664 1031 2758; x_wconf 79' lang='lat' dir='ltr'><strong>vectoribus;</strong></span> <span class='ocrx_word' id='word_1_127' title='bbox 1060 2685 1216 2759; x_wconf 89' lang='lat' dir='ltr'><strong>eumque</strong></span> <span class='ocrx_word' id='word_1_128' title='bbox 1235 2663 1509 2761; x_wconf 79' lang='lat' dir='ltr'><strong>apropinqnas·</strong></span> 
     </span>
     <span class='ocr_line' id='line_1_19' title="bbox 394 2787 1509 2885; baseline -0.004 -20"><span class='ocrx_word' id='word_1_129' title='bbox 394 2795 453 2865; x_wconf 80' lang='lat' dir='ltr'><strong>set</strong></span> <span class='ocrx_word' id='word_1_130' title='bbox 479 2789 527 2863; x_wconf 86' lang='lat' dir='ltr'><strong>ed</strong></span> <span class='ocrx_word' id='word_1_131' title='bbox 555 2787 743 2866; x_wconf 89' lang='lat' dir='ltr'><strong>decretum</strong></span> <span class='ocrx_word' id='word_1_132' title='bbox 770 2791 912 2885; x_wconf 78' lang='lat' dir='ltr'><strong>locum,</strong></span> <span class='ocrx_word' id='word_1_133' title='bbox 950 2790 1073 2866; x_wconf 76' lang='lat' dir='ltr'><strong>subito</strong></span> <span class='ocrx_word' id='word_1_134' title='bbox 1102 2790 1226 2866; x_wconf 88' lang='lat' dir='ltr'><strong>obruit</strong></span> <span class='ocrx_word' id='word_1_135' title='bbox 1254 2813 1319 2864; x_wconf 82' lang='lat' dir='ltr'><strong>eos</strong></span> <span class='ocrx_word' id='word_1_136' title='bbox 1348 2789 1509 2864; x_wconf 83' lang='lat' dir='ltr'><strong>ducente</strong></span> 
     </span>
     <span class='ocr_line' id='line_1_20' title="bbox 394 2915 1509 3013; baseline -0.001 -22"><span class='ocrx_word' id='word_1_137' title='bbox 394 2917 539 3012; x_wconf 80' lang='lat' dir='ltr'><strong>equites</strong></span> <span class='ocrx_word' id='word_1_138' title='bbox 557 2915 820 2991; x_wconf 84' lang='lat' dir='ltr'><strong>Recianornm.</strong></span> <span class='ocrx_word' id='word_1_139' title='bbox 840 2915 1040 2992; x_wconf 89' lang='lat' dir='ltr'><strong>Dominum</strong></span> <span class='ocrx_word' id='word_1_140' title='bbox 1052 2915 1257 3013; x_wconf 85' lang='lat' dir='ltr'><strong>dcnpctnm·</strong></span> <span class='ocrx_word' id='word_1_141' title='bbox 1268 2921 1306 2990; x_wconf 87' lang='lat' dir='ltr'><strong>et</strong></span> <span class='ocrx_word' id='word_1_142' title='bbox 1322 2937 1409 2990; x_wconf 85' lang='lat' dir='ltr'><strong>cunr</strong></span> <span class='ocrx_word' id='word_1_143' title='bbox 1427 2915 1509 2990; x_wconf 89' lang='lat' dir='ltr'><strong>the-</strong></span> 
     </span>
     <span class='ocr_line' id='line_1_21' title="bbox 395 3042 1508 3120; baseline 0 -4"><span class='ocrx_word' id='word_1_144' title='bbox 395 3065 509 3116; x_wconf 83' lang='lat' dir='ltr'><strong>zauro</strong></span> <span class='ocrx_word' id='word_1_145' title='bbox 538 3063 583 3116; x_wconf 85' lang='lat' dir='ltr'><strong>ec</strong></span> <span class='ocrx_word' id='word_1_146' title='bbox 609 3042 830 3118; x_wconf 82' lang='lat' dir='ltr'><strong>Ladislenm</strong></span> <span class='ocrx_word' id='word_1_147' title='bbox 857 3044 1021 3118; x_wconf 77' lang='lat' dir='ltr'><strong>scribam</strong></span> <span class='ocrx_word' id='word_1_148' title='bbox 1049 3043 1281 3120; x_wconf 86' lang='lat' dir='ltr'><strong>deduxerunt</strong></span> <span class='ocrx_word' id='word_1_149' title='bbox 1308 3042 1357 3116; x_wconf 85' lang='lat' dir='ltr'><strong>ed</strong></span> <span class='ocrx_word' id='word_1_150' title='bbox 1384 3065 1508 3117; x_wconf 87' lang='lat' dir='ltr'><strong>arcem</strong></span> 
     </span>
     <span class='ocr_line' id='line_1_22' title="bbox 394 3165 1508 3267; baseline 0.003 -27"><span class='ocrx_word' id='word_1_151' title='bbox 394 3165 574 3242; x_wconf 88' lang='lat' dir='ltr'><strong>Zendcre.</strong></span> <span class='ocrx_word' id='word_1_152' title='bbox 594 3167 646 3240; x_wconf 86' lang='lat' dir='ltr'><strong>Et</strong></span> <span class='ocrx_word' id='word_1_153' title='bbox 663 3191 750 3242; x_wconf 84' lang='lat' dir='ltr'><strong>mcx</strong></span> <span class='ocrx_word' id='word_1_154' title='bbox 768 3166 986 3243; x_wconf 78' lang='lat' dir='ltr'><strong>Ladieleum</strong></span> <span class='ocrx_word' id='word_1_155' title='bbox 997 3169 1159 3244; x_wconf 80' lang='lat' dir='ltr'><strong>scribam</strong></span> <span class='ocrx_word' id='word_1_156' title='bbox 1176 3169 1216 3243; x_wconf 94' lang='lat' dir='ltr'><strong>in</strong></span> <span class='ocrx_word' id='word_1_157' title='bbox 1235 3168 1393 3267; x_wconf 82' lang='lat' dir='ltr'><strong>prandio</strong></span> <span class='ocrx_word' id='word_1_158' title='bbox 1411 3171 1508 3246; x_wconf 92' lang='lat' dir='ltr'><strong>bene</strong></span> 
     </span>
     <span class='ocr_line' id='line_1_23' title="bbox 393 3291 1507 3392; baseline 0.006 -27"><span class='ocrx_word' id='word_1_159' title='bbox 393 3293 587 3385; x_wconf 77' lang='lat' dir='ltr'><strong>tractauit3</strong></span> <span class='ocrx_word' id='word_1_160' title='bbox 607 3291 694 3366; x_wconf 93' lang='lat' dir='ltr'><strong>inde</strong></span> <span class='ocrx_word' id='word_1_161' title='bbox 703 3294 1014 3390; x_wconf 89' lang='lat' dir='ltr'><strong>nempeprecepit</strong></span> <span class='ocrx_word' id='word_1_162' title='bbox 1032 3295 1162 3390; x_wconf 81' lang='lat' dir='ltr'><strong>febris,</strong></span> <span class='ocrx_word' id='word_1_163' title='bbox 1173 3300 1215 3366; x_wconf 87' lang='lat' dir='ltr'><strong>vt</strong></span> <span class='ocrx_word' id='word_1_164' title='bbox 1232 3296 1359 3369; x_wconf 79' lang='lat' dir='ltr'><strong>statim</strong></span> <span class='ocrx_word' id='word_1_165' title='bbox 1378 3317 1507 3392; x_wconf 80' lang='lat' dir='ltr'><strong>asper·</strong></span> 
     </span>
     <span class='ocr_line' id='line_1_24' title="bbox 395 3417 1505 3518; baseline 0.001 -24"><span class='ocrx_word' id='word_1_166' title='bbox 395 3419 536 3494; x_wconf 77' lang='lat' dir='ltr'><strong>corium</strong></span> <span class='ocrx_word' id='word_1_167' title='bbox 563 3417 609 3492; x_wconf 90' lang='lat' dir='ltr'><strong>de</strong></span> <span class='ocrx_word' id='word_1_168' title='bbox 626 3419 726 3493; x_wconf 86' lang='lat' dir='ltr'><strong>ferro</strong></span> <span class='ocrx_word' id='word_1_169' title='bbox 746 3426 944 3516; x_wconf 83' lang='lat' dir='ltr'><strong>parerent,</strong></span> <span class='ocrx_word' id='word_1_170' title='bbox 976 3427 1013 3494; x_wconf 85' lang='lat' dir='ltr'><strong>ct</strong></span> <span class='ocrx_word' id='word_1_171' title='bbox 1032 3421 1306 3518; x_wconf 81' lang='lat' dir='ltr'><strong>disposuerunt.</strong></span> <span class='ocrx_word' id='word_1_172' title='bbox 1336 3421 1387 3494; x_wconf 84' lang='lat' dir='ltr'><strong>Et</strong></span> <span class='ocrx_word' id='word_1_173' title='bbox 1405 3421 1505 3496; x_wconf 90' lang='lat' dir='ltr'><strong>omni</strong></span> 
     </span>
     <span class='ocr_line' id='line_1_25' title="bbox 396 3543 1509 3646; baseline 0.004 -29"><span class='ocrx_word' id='word_1_174' title='bbox 396 3543 456 3617; x_wconf 88' lang='lat' dir='ltr'><strong>die</strong></span> <span class='ocrx_word' id='word_1_175' title='bbox 474 3543 514 3616; x_wconf 93' lang='lat' dir='ltr'><strong>in</strong></span> <span class='ocrx_word' id='word_1_176' title='bbox 532 3567 575 3620; x_wconf 78' lang='lat' dir='ltr'><strong>oc</strong></span> <span class='ocrx_word' id='word_1_177' title='bbox 593 3543 803 3640; x_wconf 84' lang='lat' dir='ltr'><strong>trudebant,</strong></span> <span class='ocrx_word' id='word_1_178' title='bbox 824 3551 861 3620; x_wconf 91' lang='lat' dir='ltr'><strong>et</strong></span> <span class='ocrx_word' id='word_1_179' title='bbox 879 3546 1080 3622; x_wconf 78' lang='lat' dir='ltr'><strong>codrebant</strong></span> <span class='ocrx_word' id='word_1_180' title='bbox 1099 3545 1133 3646; x_wconf 79' lang='lat'><strong>²¹¹)</strong></span> <span class='ocrx_word' id='word_1_181' title='bbox 1152 3547 1321 3642; x_wconf 83' lang='lat' dir='ltr'><strong>lingnam</strong></span> <span class='ocrx_word' id='word_1_182' title='bbox 1340 3550 1439 3644; x_wconf 79' lang='lat' dir='ltr'><strong>ejus,</strong></span> <span class='ocrx_word' id='word_1_183' title='bbox 1471 3553 1509 3622; x_wconf 88' lang='lat' dir='ltr'><strong>et</strong></span> 
     </span>
     <span class='ocr_line' id='line_1_26' title="bbox 394 3669 1507 3750; baseline 0.002 -6"><span class='ocrx_word' id='word_1_184' title='bbox 394 3670 452 3744; x_wconf 80' lang='lat' dir='ltr'><strong>sic</strong></span> <span class='ocrx_word' id='word_1_185' title='bbox 470 3669 552 3745; x_wconf 82' lang='lat' dir='ltr'><strong>dira</strong></span> <span class='ocrx_word' id='word_1_186' title='bbox 570 3679 688 3746; x_wconf 86' lang='lat' dir='ltr'><strong>morte</strong></span> <span class='ocrx_word' id='word_1_187' title='bbox 706 3672 873 3747; x_wconf 80' lang='lat' dir='ltr'><strong>exalanit</strong></span> <span class='ocrx_word' id='word_1_188' title='bbox 891 3673 936 3750; x_wconf 92' lang='lat' dir='ltr'><strong>de</strong></span> <span class='ocrx_word' id='word_1_189' title='bbox 955 3675 1102 3750; x_wconf 89' lang='lat' dir='ltr'><strong>mundo.</strong></span> <span class='ocrx_word' id='word_1_190' title='bbox 1128 3675 1178 3747; x_wconf 86' lang='lat' dir='ltr'><strong>Et</strong></span> <span class='ocrx_word' id='word_1_191' title='bbox 1198 3674 1346 3748; x_wconf 81' lang='lat' dir='ltr'><strong>dicebat</strong></span> <span class='ocrx_word' id='word_1_192' title='bbox 1366 3672 1401 3748; x_wconf 91' lang='lat' dir='ltr'><strong>ei</strong></span> <span class='ocrx_word' id='word_1_193' title='bbox 1420 3672 1507 3746; x_wconf 85' lang='lat' dir='ltr'><strong>dez·</strong></span> 
     </span>
     <span class='ocr_line' id='line_1_27' title="bbox 394 3797 1506 3894; baseline 0.003 -25"><span class='ocrx_word' id='word_1_194' title='bbox 394 3801 505 3892; x_wconf 82' lang='lat' dir='ltr'><strong>pctns</strong></span> <span class='ocrx_word' id='word_1_195' title='bbox 525 3823 533 3870; x_wconf 91' lang='lat'>:</span> <span class='ocrx_word' id='word_1_196' title='bbox 554 3797 668 3890; x_wconf 85' lang='lat' dir='ltr'><strong>„Diw</strong></span> <span class='ocrx_word' id='word_1_197' title='bbox 686 3798 769 3894; x_wconf 78' lang='lat' dir='ltr'><strong>ipse</strong></span> <span class='ocrx_word' id='word_1_198' title='bbox 788 3823 847 3874; x_wconf 91' lang='lat' dir='ltr'><strong>mc</strong></span> <span class='ocrx_word' id='word_1_199' title='bbox 866 3799 1060 3876; x_wconf 86' lang='lat' dir='ltr'><strong>dimitebet</strong></span> <span class='ocrx_word' id='word_1_200' title='bbox 1079 3807 1117 3876; x_wconf 83' lang='lat' dir='ltr'><strong>ct</strong></span> <span class='ocrx_word' id='word_1_201' title='bbox 1126 3801 1320 3876; x_wconf 79' lang='lat' dir='ltr'><strong>absolutus</strong></span> <span class='ocrx_word' id='word_1_202' title='bbox 1338 3799 1506 3894; x_wconf 80' lang='lat' dir='ltr'><strong>fuissem,</strong></span> 
     </span>
     <span class='ocr_line' id='line_1_28' title="bbox 395 3921 1502 4019; baseline 0.002 -23"><span class='ocrx_word' id='word_1_203' title='bbox 395 3922 430 3996; x_wconf 80' lang='lat' dir='ltr'><strong>si</strong></span> <span class='ocrx_word' id='word_1_204' title='bbox 447 3928 487 3995; x_wconf 89' lang='lat' dir='ltr'><strong>tn</strong></span> <span class='ocrx_word' id='word_1_205' title='bbox 506 3921 692 3997; x_wconf 88' lang='lat' dir='ltr'><strong>dominnm</strong></span> <span class='ocrx_word' id='word_1_206' title='bbox 709 3929 812 3997; x_wconf 87' lang='lat' dir='ltr'><strong>tunm</strong></span> <span class='ocrx_word' id='word_1_207' title='bbox 831 3946 905 4000; x_wconf 89' lang='lat' dir='ltr'><strong>non</strong></span> <span class='ocrx_word' id='word_1_208' title='bbox 916 3927 1171 4002; x_wconf 80' lang='lat' dir='ltr'><strong>consuluisses</strong></span> <span class='ocrx_word' id='word_1_209' title='bbox 1185 3947 1268 4000; x_wconf 90' lang='lat' dir='ltr'><strong>curn</strong></span> <span class='ocrx_word' id='word_1_210' title='bbox 1286 3925 1502 4019; x_wconf 63' lang='lat' dir='ltr'><strong>lingnatnu</strong></span> 
     </span>
     <span class='ocr_line' id='line_1_29' title="bbox 395 4049 1026 4146; baseline 0.005 -24"><span class='ocrx_word' id='word_1_211' title='bbox 395 4069 468 4144; x_wconf 89' lang='lat' dir='ltr'><strong>qne</strong></span> <span class='ocrx_word' id='word_1_212' title='bbox 485 4069 583 4122; x_wconf 88' lang='lat' dir='ltr'><strong>nnnc</strong></span> <span class='ocrx_word' id='word_1_213' title='bbox 601 4049 640 4122; x_wconf 93' lang='lat' dir='ltr'><strong>in</strong></span> <span class='ocrx_word' id='word_1_214' title='bbox 659 4071 723 4124; x_wconf 90' lang='lat' dir='ltr'><strong>cre</strong></span> <span class='ocrx_word' id='word_1_215' title='bbox 741 4054 804 4123; x_wconf 88' lang='lat' dir='ltr'><strong>tuo</strong></span> <span class='ocrx_word' id='word_1_216' title='bbox 823 4049 1026 4146; x_wconf 77' lang='lat' dir='ltr'><strong>perieris.“</strong></span> 
     </span>
    </p>
   </div>
   <div class='ocr_carea' id='block_1_3' title="bbox 395 4189 1508 4544">
    <p class='ocr_par' dir='ltr' id='par_1_3' title="bbox 395 4189 1508 4544">
     <span class='ocr_line' id='line_1_30' title="bbox 502 4189 1506 4286; baseline 0.004 -22"><span class='ocrx_word' id='word_1_217' title='bbox 502 4189 669 4265; x_wconf 80' lang='lat' dir='ltr'><strong>Michecl</strong></span> <span class='ocrx_word' id='word_1_218' title='bbox 696 4191 822 4286; x_wconf 82' lang='lat' dir='ltr'><strong>Zilegi</strong></span> <span class='ocrx_word' id='word_1_219' title='bbox 840 4191 1057 4286; x_wconf 80' lang='lat' dir='ltr'><strong>indignatus</strong></span> <span class='ocrx_word' id='word_1_220' title='bbox 1075 4201 1133 4270; x_wconf 79' lang='lat' dir='ltr'><strong>est</strong></span> <span class='ocrx_word' id='word_1_221' title='bbox 1159 4193 1390 4270; x_wconf 82' lang='lat' dir='ltr'><strong>stomacundi</strong></span> <span class='ocrx_word' id='word_1_222' title='bbox 1409 4193 1506 4270; x_wconf 93' lang='lat' dir='ltr'><strong>indi·</strong></span> 
     </span>
     <span class='ocr_line' id='line_1_31' title="bbox 395 4317 1507 4417; baseline 0.003 -26"><span class='ocrx_word' id='word_1_223' title='bbox 395 4317 592 4413; x_wconf 80' lang='lat' dir='ltr'><strong>gnatione,</strong></span> <span class='ocrx_word' id='word_1_224' title='bbox 621 4341 707 4392; x_wconf 85' lang='lat' dir='ltr'><strong>mox</strong></span> <span class='ocrx_word' id='word_1_225' title='bbox 725 4318 828 4392; x_wconf 83' lang='lat' dir='ltr'><strong>misit</strong></span> <span class='ocrx_word' id='word_1_226' title='bbox 855 4319 1020 4416; x_wconf 82' lang='lat' dir='ltr'><strong>legatum</strong></span> <span class='ocrx_word' id='word_1_227' title='bbox 1056 4321 1105 4396; x_wconf 86' lang='lat' dir='ltr'><strong>ed</strong></span> <span class='ocrx_word' id='word_1_228' title='bbox 1130 4322 1406 4397; x_wconf 79' lang='lat' dir='ltr'><strong>sanctissimum</strong></span> <span class='ocrx_word' id='word_1_229' title='bbox 1438 4341 1507 4417; x_wconf 92' lang='lat' dir='ltr'><strong>pro</strong></span> 
     </span>
     <span class='ocr_line' id='line_1_32' title="bbox 396 4444 1508 4544; baseline 0.004 -28"><span class='ocrx_word' id='word_1_230' title='bbox 396 4444 663 4540; x_wconf 77' lang='lat' dir='ltr'><strong>commissario,</strong></span> <span class='ocrx_word' id='word_1_231' title='bbox 684 4451 1060 4544; x_wconf 82' lang='lat' dir='ltr'><strong>vtcrncemportaret</strong></span> <span class='ocrx_word' id='word_1_232' title='bbox 1077 4470 1159 4522; x_wconf 89' lang='lat' dir='ltr'><strong>enm</strong></span> <span class='ocrx_word' id='word_1_233' title='bbox 1179 4445 1406 4523; x_wconf 78' lang='lat' dir='ltr'><strong>authoritate</strong></span> <span class='ocrx_word' id='word_1_234' title='bbox 1416 4468 1508 4544; x_wconf 81' lang='lat' dir='ltr'><strong>apc-</strong></span> 
     </span>
    </p>
   </div>
   <div class='ocr_carea' id='block_1_4' title="bbox 430 4705 804 4776">
    <p class='ocr_par' dir='ltr' id='par_1_4' title="bbox 430 4705 804 4776">
     <span class='ocr_line' id='line_1_33' title="bbox 430 4705 804 4776; baseline 0.005 -14"><span class='ocrx_word' id='word_1_235' title='bbox 430 4707 462 4770; x_wconf 76' lang='lat' dir='ltr'><strong>*i</strong></span> <span class='ocrx_word' id='word_1_236' title='bbox 481 4705 560 4762; x_wconf 77' lang='lat' dir='ltr'><strong>Aren</strong></span> <span class='ocrx_word' id='word_1_237' title='bbox 581 4707 804 4776; x_wconf 78' lang='lat' dir='ltr'><strong>„czcritcttik.“</strong></span> 
     </span>
    </p>
   </div>
   <div class='ocr_carea' id='block_1_5' title="bbox 0 0 1654 5208">
    <p class='ocr_par' dir='ltr' id='par_1_5' title="bbox 0 0 1654 5208">
     <span class='ocr_line' id='line_1_34' title="bbox 0 0 1654 5208; baseline 0 0"><span class='ocrx_word' id='word_1_238' title='bbox 0 0 1654 5208; x_wconf 95' lang='lat' dir='ltr'><strong> </strong></span> 
     </span>
    </p>
   </div>
  </div>
 </body>
</html>
