3248 5210
423 502 499 582 116

420 709 503 780 erat
520 698 631 774 valde
648 693 873 786 bellicosus,
903 695 1066 762 attamen
1093 687 1248 782 propter
1264 677 1435 754 facinora
1453 693 1535 766 sna,

421 827 599 905 videlicet
616 845 684 921 pro
703 842 777 894 vno
796 815 992 894 sacerdote
1010 815 1223 887 extraserat
1241 804 1439 896 olorokos,
1464 800 1538 875 hoo

421 962 478 1031 est
495 955 662 1030 frossare
679 940 864 1046 fe(ce)rat,
884 947 921 1017 et
938 935 1141 1013 Laurentii
1159 931 1265 1008 ducis
1274 927 1537 1030 possessiones

421 1079 712 1180 depredauerat,
733 1079 771 1147 et
788 1067 1026 1146 sacerdotum
1055 1061 1216 1139 ecclesie
1244 1057 1283 1135 S.
1304 1052 1537 1153 sigismundi

420 1209 605 1309 opitulos,
633 1203 768 1296 villas,
799 1197 1071 1297 depredauerat
1089 1214 1172 1266 curu
1191 1187 1271 1266 suis
1290 1183 1473 1278 cateruis,
1501 1187 1538 1254 et

421 1339 575 1435 insuper
593 1332 620 1410 J
621 1331 778 1407 aoobum
797 1323 1002 1424 Bossnyak
1029 1319 1288 1410 interfecerat,
1318 1310 1418 1410 quod
1435 1307 1535 1384 deci·

421 1464 549 1540 mahat
566 1458 655 1534 vina
671 1455 711 1530 in
728 1451 890 1530 Rednek
908 1446 1117 1523 Laurentio
1137 1443 1238 1538 duci3
1258 1446 1296 1514 et
1314 1435 1536 1514 monachum

421 1589 538 1667 (theri
554 1589 707 1664 bassam
724 1577 759 1681 *)
778 1600 926 1676 semper
943 1575 1158 1667 infestabat,
1179 1577 1216 1646 et
1234 1591 1316 1644 cnm
1332 1566 1537 1663 cojocabat

421 1725 569 1792 etcum
597 1710 756 1788 delirum
783 1706 1005 1805 deputabat,
1038 1707 1079 1775 vt
1107 1697 1292 1774 cucullam
1320 1695 1534 1792 deponeret.

422 1843 473 1918 Et
491 1863 559 1940 per
577 1839 665 1914 illas
684 1857 819 1910 causas
838 1831 1030 1906 decolatus
1049 1833 1140 1920 erat,
1160 1823 1250 1921 quia
1265 1820 1536 1898 iamneminem

421 1968 666 2060 formidabat,
687 1962 786 2060 qnod
803 1959 904 2056 Regi
922 1955 1105 2032 Ludouici
1124 1953 1270 2028 aulicus
1289 1955 1385 2044 erat,
1406 1955 1443 2023 et
1461 1945 1535 2022 Re·

421 2097 511 2192 gina
538 2091 650 2168 valde
677 2113 760 2166 eum
794 2087 976 2182 diligebat
1002 2089 1155 2181 propter
1190 2082 1327 2156 bonam
1356 2073 1536 2150 miliciam

275 2311 279 2318 ¹
422 2217 686 2320 prosperitatis
704 2238 783 2292 sue.
813 2215 865 2288 Et
892 2212 1040 2287 dicebat
1067 2208 1170 2304 Rex,
1200 2205 1299 2304 quod
1317 2225 1431 2278 vnum
1449 2224 1535 2276 con-

419 2348 574 2422 tullerat
592 2344 666 2420 sibi
694 2340 936 2417 Bohemicum
963 2337 1147 2433 gladium,
1178 2332 1276 2432 quod
1301 2331 1336 2407 si
1354 2329 1470 2406 alicui
1490 2325 1536 2401 ad

420 2495 554 2550 nasum
570 2467 721 2546 trudere
740 2467 912 2559 deberet,
931 2464 1060 2540 aiebat
1087 2464 1170 2562 ipse
1198 2460 1298 2556 Regi
1319 2485 1327 2532 :
1352 2455 1536 2554 „Domine

421 2601 518 2692 Rex,
539 2621 613 2674 non
630 2603 708 2671 tam
726 2615 906 2689 maguus,
936 2598 1091 2690 excepto
1109 2611 1184 2665 vno
1203 2588 1230 2665 J
1232 2586 1345 2664 oanni
1363 2581 1534 2674 vaiuode,

421 2725 520 2824 quod
539 2747 609 2822 ego
628 2746 704 2799 uon
721 2720 909 2797 truderem
927 2718 975 2794 ad
992 2741 1124 2794 nasum
1143 2714 1286 2792 suam.“
1318 2709 1401 2788 Hoc
1419 2708 1536 2784 verba

422 2852 612 2948 Georgius
636 2849 835 2950 episcopus
864 2841 1314 2942 Quinque-Ecclesieusis
1342 2836 1535 2930 audiebat,

421 2981 660 3079 quamobrem
678 2955 926 3052 cancellarius
944 2981 1026 3050 erat
1043 2973 1162 3047 eciam
1181 2969 1307 3065 Regni
1326 2965 1535 3062 Huugarie.

423 3107 533 3183 Dixit
556 3106 593 3182 ei
612 3132 621 3179 ε
646 3104 771 3201 ,Vere
787 3111 829 3178 tn
847 3104 966 3198 latro,
991 3101 1027 3178 si
1045 3097 1228 3198 possibile
1245 3095 1294 3171 ad
1311 3117 1444 3172 nasum
1461 3117 1536 3170 non

420 3231 582 3329 trudis;“
612 3237 649 3306 ct
676 3254 762 3305 mox
791 3229 909 3305 exiuit
937 3227 1137 3326 episcopus
1163 3226 1209 3301 de
1235 3223 1386 3325 palacio
1414 3221 1535 3317 Regie

422 3358 647 3458 Maiestatis.
676 3357 806 3436 Verba
833 3357 928 3430 talia
955 3377 1025 3431 sua
1052 3359 1305 3451 marcuerat
1326 3326 1470 3451 ipsum,
1502 3355 1537 3424 et

422 3485 479 3562 sic
505 3485 646 3560 fecerat
672 3483 838 3560 scribere
866 3504 948 3558 oum
975 3482 1123 3558 notario
1151 3504 1219 3558 suo
1245 3479 1405 3556 Nicolao
1434 3474 1535 3552 Olah

385 3674 390 3684 ,
422 3634 536 3688 vnum
562 3611 761 3708 epistolam
788 3631 872 3685 cum
899 3609 1071 3707 praptioa
1099 3607 1148 3684 ad
1174 3605 1394 3682 monachum
1419 3600 1535 3679 (theri

422 3740 595 3834 bassam,
625 3761 708 3812 cum
736 3735 910 3812 mandato
938 3733 1059 3831 Regie
1090 3733 1321 3832 Majestntis,
1351 3731 1535 3806 utstatim

424 3865 678 3964 priuaretura
706 3865 829 3962 capite
856 3885 946 3958 suo,
976 3864 1118 3958 absque
1144 3861 1240 3938 scitu
1268 3860 1391 3956 Regie
1416 3859 1534 3957 Maje-

424 3992 545 4069 statis.
588 3992 640 4066 Et
665 3992 856 4090 propriam
884 4011 1034 4066 manum
1060 3979 1184 4086 Regie
1210 3988 1423 4086 Majestatis
1451 4007 1534 4062 curu

425 4119 572 4196 astucia
590 4141 728 4214 magua
746 4119 933 4213 fecerant,
963 4117 1052 4214 quia
1078 4115 1163 4191 Rex
1186 4117 1388 4192 festinabat
1405 4115 1454 4190 ad
1471 4137 1534 4190 ve·

423 4252 551 4322 uatum
569 4243 724 4344 Nyrch,
745 4243 898 4319 etinter
921 4249 1064 4340 septem
1091 4242 1240 4319 litteras
1258 4243 1357 4320 infra
1382 4244 1536 4319 tenebat

424 4371 605 4450 Nicolaus
623 4371 748 4448 scriba
766 4369 804 4444 in
824 4391 946 4464 manu,
977 4369 1191 4468 superiores
1218 4369 1366 4446 litteras
1384 4368 1534 4446 dederat

423 4498 473 4575 ad
499 4518 632 4576 manus
654 4496 775 4593 Regie
803 4493 1035 4596 Majestatis,
1064 4496 1162 4594 quod
1195 4497 1420 4595 perlegisset
1445 4505 1532 4586 tres,

426 4721 736 4737 ”ss—*fl-—n-n—-n-fifl

295 4853 302 4866 .
455 4777 490 4876 ἶ)
510 4797 591 4860 Anu
609 4799 735 4881 Tomorp
752 4799 814 4866 Pol.
