3260 5226
1141 485 1220 568 853

103 696 150 774 ad
167 696 316 796 Italum,
337 695 425 796 qnia
442 702 501 774 est
527 693 685 772 aduena.
704 693 821 790 Ergo,
840 687 1107 789 benignissime
1126 688 1221 790 Rex,

103 849 176 904 non
193 823 295 901 omni
313 822 466 924 spiritui
486 819 655 898 eredas.“
1189 826 1197 840 “

209 948 331 1044 Quum
348 949 466 1046 legati
498 953 626 1026 essent
652 943 753 1045 apud
769 942 935 1040 Regem,
963 943 1037 1022 oito
1064 943 1222 1022 reoitare

104 1081 243 1157 leoerat
259 1077 498 1174 legacionem
517 1097 644 1154 eorum
662 1077 817 1174 propter
833 1069 1085 1148 infirmitatem
1102 1093 1220 1168 suam,

104 1231 148 1284 ne
175 1207 230 1284 ibi
256 1211 522 1284 soruterentur.
561 1201 645 1280 Heo
681 1207 763 1278 erat
795 1199 834 1275 in
870 1199 972 1277 bello
1000 1199 1070 1276 sub
1098 1207 1223 1277 oastrs

103 1335 219 1412 fnisse
246 1354 330 1409 oum
356 1329 537 1409 tentoriis
564 1329 646 1408 suis
671 1327 865 1424 Fugaras3
902 1331 940 1402 et
966 1324 1101 1402 Mailat
1127 1327 1222 1404 bene

100 1465 255 1559 regebat
273 1483 314 1538 se
332 1461 479 1558 absque
503 1458 584 1535 vlla
601 1455 938 1558 premeditatum,
969 1454 1057 1553 quia
1083 1455 1223 1532 milites
1253 1505 1259 1514 -

102 1589 135 1664 ei
152 1587 264 1664 valde
283 1586 480 1662 fauebunt.

211 1713 272 1788 De
290 1710 390 1788 Italo
414 1711 519 1788 fisioo
548 1707 737 1807 aooipiens
764 1707 910 1784 demum
926 1714 1052 1807 potum
1070 1707 1118 1784 ad
1136 1730 1224 1808 pur·

106 1840 268 1939 gendum
285 1839 537 1934 stomachum,
558 1836 656 1936 qnod
673 1841 884 1933 gustasset,
914 1858 1001 1913 mox
1020 1835 1069 1911 ad
1086 1842 1224 1914 terram

107 1991 234 2048 nasum
261 1967 435 2062 dederat,
465 1973 502 2042 et
522 1965 575 2040 ait
592 1985 737 2064 pauper
756 1963 868 2040 Rex:
893 1961 1090 2063 „Gapiatis
1108 1987 1167 2042 me
1187 1971 1225 2040 et

107 2093 288 2190 teneatis3
308 2094 397 2192 quia
414 2093 486 2168 heo
504 2099 563 2169 ost
579 2091 712 2167 ultima
736 2089 979 2168 manduoaeio
999 2113 1084 2167 mea
1102 2099 1140 2169 et
1157 2115 1224 2192 po·

107 2224 202 2301 tua.“
234 2219 372 2318 Legati
397 2222 477 2318 jam
506 2219 697 2296 habebant
722 2219 952 2296 relacionem
980 2241 1004 2292 a
1030 2217 1138 2316 Rege
1155 2219 1223 2297 Jo-

108 2373 224 2446 anne‚
244 2347 433 2425 etiterum
459 2345 524 2422 ille
553 2344 674 2422 Italus
701 2343 830 2422 fisious
856 2368 940 2422 oum
967 2345 1023 2422 eis
1049 2349 1238 2425 reuersus

108 2483 188 2554 erat
207 2474 256 2552 ad
275 2471 523 2555 Germaniam
542 2493 625 2548 oum
644 2472 888 2569 legatoribns.

213 2601 307 2677 Inde
326 2599 433 2698 Rege
450 2599 490 2676 in
508 2599 646 2696 agonia
659 2603 740 2698 jam
759 2607 858 2696 erat,
879 2608 917 2677 et
935 2599 1084 2702 Oassay
1102 2601 1225 2679 Janus

110 2738 189 2807 erat
207 2727 457 2806 oubioularius
470 2729 549 2826 jam
577 2733 663 2825 post
681 2727 787 2804 Bona
809 2727 972 2804 Benohe.
1002 2728 1052 2804 Et
1068 2729 1152 2828 ipse
1169 2729 1225 2804 vi-

109 2855 159 2933 dit
186 2863 227 2933 et
252 2854 423 2933 andierat
449 2851 638 2931 mirabilia
666 2853 711 2930 de
739 2877 805 2932 ore
821 2853 1032 2952 Regiestis3
1061 2853 1227 2932 visiones

110 2982 336 3078 horrendas,
364 2981 585 3058 blasfemias
612 2979 861 3079 turpissimas.
889 2980 940 3057 Et
956 2981 1013 3058 sio
1029 2981 1111 3059 sine
1139 3005 1226 3059 oon·

109 3110 271 3189 fossione
290 3108 523 3186 exalauisset
541 3107 589 3184 de
608 3107 760 3202 mondo,
782 3107 956 3205 quoniam
973 3131 1022 3186 ne
1040 3110 1114 3186 oito
1132 3109 1227 3188 reoi-

110 3246 241 3338 perent
258 3237 300 3313 in
317 3241 441 3312 mente
459 3235 634 3340 omialesx.
664 3233 828 3311 Tantum
851 3235 924 3312 fuit
940 3235 1077 3314 Petrus
1096 3237 1227 3314 Petro·

110 3367 173 3442 uit
190 3365 310 3442 frater
328 3385 418 3441 suos
436 3363 614 3458 oamalis,
634 3369 672 3438 et
690 3361 860 3440 dominus
879 3363 1087 3461 Emerious,
1107 3370 1144 3440 et
1163 3363 1227 3442 ob·

110 3495 328 3572 seruauerat
346 3511 482 3590 oorpos
502 3490 590 3588 plns
609 3509 720 3586 quam
739 3488 811 3564 duo
830 3489 1069 3567 ebdomadas.

215 3617 269 3694 Et
294 3623 427 3716 postea
453 3616 705 3693 infamabatur
734 3614 840 3711 Rex,
870 3614 969 3713 qood
987 3622 1045 3692 est
1062 3603 1229 3692 mortuos

111 3741 213 3842 Rex3
233 3751 273 3820 et
289 3766 375 3819 mox
393 3749 480 3842 post
497 3743 655 3820 stenem
684 3739 893 3840 Georgium
920 3741 1023 3819 misit
1041 3765 1229 3820 onrsorem

112 3870 301 3969 Georgius
327 3868 506 3966 Horwat,
544 3876 587 3944 vt
614 3869 742 3946 veniat
764 3871 845 3969 jam
873 3869 921 3944 ad
948 3870 1096 3946 domum
1122 3890 1229 3946 suam

112 3997 364 4094 Varadinum,
393 4019 441 4074 ue
469 3996 739 4096 premeditaret
769 3997 951 4096 jamplius
978 4019 1002 4071 a
1029 3995 1134 4093 Rege
1161 3993 1229 4073 Jo-

112 4149 218 4202 anne.
231 4122 353 4218 Quum
371 4124 540 4202 audisset
557 4124 677 4203 frater
688 4123 876 4222 Georgius
895 4145 980 4200 eum
997 4123 1230 4203 obdormien-

115 4259 187 4330 tem
197 4253 240 4330 in
249 4249 424 4349 Domino,
444 4251 690 4352 posteavenit
706 4275 789 4329 oum
806 4251 1231 4351 relaxaoionepessima,
1249 4333 1255 4340 ,

112 4381 172 4477 qui
193 4385 287 4456 'enm
312 4379 456 4456 fenerat
484 4377 532 4456 ad
555 4401 733 4477 magnum
762 4379 963 4456 dominum.
994 4379 1046 4454 Et
1063 4379 1135 4456 iste
1154 4402 1230 4455 mo·

113 4507 255 4586 naohns
281 4507 379 4585 sedit
395 4507 437 4582 in
454 4507 537 4584 solo
564 4529 632 4584 suo
660 4529 780 4602 nuno,
810 4513 848 4583 et
864 4527 1014 4605 semper
1032 4506 1119 4583 dom
1137 4505 1232 4582 viuit

113 4635 149 4713 in
167 4635 269 4712 huno
286 4633 441 4710 mundo.

215 4759 353 4840 Castor
379 4759 500 4859 Regis
528 4783 614 4838 mon
642 4759 772 4861 dispra
789 4767 891 4858 erat,
920 4767 958 4837 et
975 4759 1130 4840 ooniuse
1148 4783 1226 4840 ma·

166 4901 386 4948 assummum.
960 4867 1015 4946 23
