3248 5210
401 457 454 550 98

404 657 513 740 uelde
532 658 708 754 gauissns
726 665 828 751 erat3
847 663 1014 734 attamen
1033 657 1099 733 alii
1117 657 1256 733 domini
1274 679 1357 734 oum
1374 683 1420 736 eo
1440 681 1523 734 ma·

403 791 537 880 gnatos
566 781 781 882 Stephanus
800 783 989 878 Desbani,
1009 791 1046 858 et
1064 783 1160 858 alter
1187 782 1420 862 Laureneius
1444 785 1525 862 dux

403 919 441 988 et
458 901 792 1012 JoannesBantly
812 912 933 987 etalii
952 912 1058 986 multi
1085 912 1196 988 valde
1224 913 1261 989 in
1289 935 1433 990 merore
1453 914 1524 990 do·

403 1039 498 1116 loris
525 1039 755 1134 cogitabant.
785 1038 837 1112 Et
864 1061 934 1134 ego
964 1039 1087 1113 omnia
1115 1039 1370 1140 predicebam,
1391 1041 1424 1116 si
1444 1063 1524 1137 qno

405 1164 496 1242 mihi
515 1160 767 1266 (de)eurioues
796 1165 1044 1263 permiserunt
1070 1165 1192 1242 dicere
1220 1167 1255 1241 ei
1283 1167 1367 1242 soli.
1411 1165 1526 1242 Dixit

404 1292 494 1368 mihi
515 1319 523 1366 :
548 1291 630 1388 „Ve
649 1289 757 1374 nobis
776 1289 988 1386 Hungaris,
1008 1298 1116 1390 pater
1135 1289 1298 1389 Georgi,
1319 1299 1524 1390 qnattenus

404 1419 612 1518 sooepisset
658 1439 782 1494 areem
826 1417 1096 1494 nobilissimam
1142 1417 1523 1495 Nandor-Albensem

404 1547 524 1628 Cesar
553 1545 781 1640 Turoarnm3
809 1543 897 1640 quia
920 1545 998 1640 jam
1029 1551 1115 1620 sunt
1133 1545 1332 1642 sexaginta
1350 1568 1417 1622 sex
1436 1544 1524 1620 dies

405 1681 615 1774 expugnat,
641 1679 679 1750 et
696 1695 803 1749 nemo
832 1671 999 1748 adiuvnit
1017 1695 1102 1768 eos3
1130 1679 1329 1771 propterea
1347 1673 1524 1748 reeusaui

407 1824 464 1878 me
492 1801 614 1878 solnm
641 1801 696 1876 ire
716 1800 764 1876 ad
782 1821 870 1895 uos,
900 1797 1023 1876 ethio
1050 1801 1104 1876 sis
1130 1821 1272 1874 meonm
1291 1800 1329 1874 in
1348 1799 1521 1897 prandio,

404 1937 443 2008 et
461 1934 547 2027 post
565 1926 759 2004 brandium
788 1925 985 2004 festinabis
1003 1925 1052 2001 ad
1069 1933 1171 2002 rates
1190 1926 1292 2001 eirea
1308 1940 1461 2024 gentes,
1485 1935 1523 2001 et

404 2054 564 2132 Paulum
590 2053 892 2134 trioenturionem
911 2052 960 2129 ad
988 2075 1046 2128 me
1076 2051 1282 2128 destinabis
1311 2073 1420 2150 qnam
1440 2055 1522 2152 pri·

404 2183 537 2259 mum.“
570 2181 654 2276 Ego
683 2178 832 2277 quidem
860 2176 1056 2254 admodum
1084 2176 1272 2276 disposui,
1302 2184 1339 2252 et
1357 2179 1523 2254 Paulum

404 2331 476 2404 ego
495 2307 611 2388 eieius
637 2305 822 2384 destinani
850 2303 897 2379 ad
920 2305 1166 2402 capitaneum.
1197 2305 1341 2382 Paulus
1360 2313 1441 2382 erat
1460 2307 1523 2380 vir

406 2434 569 2533 optimus
587 2442 625 2510 et
642 2432 857 2511 bellioosus.
887 2431 976 2530 Ipse
995 2432 1093 2528 qnod
1112 2431 1280 2510 audisset
1297 2455 1521 2537 responsum

406 2577 526 2638 meum
555 2558 750 2637 admodum
787 2559 1005 2658 capitaneo,
1043 2581 1130 2635 mox
1167 2560 1342 2636 celeriter
1377 2562 1524 2637 onenrit

405 2688 603 2782 velociter,
625 2693 663 2764 et
681 2693 767 2785 post
785 2709 853 2763 sex
872 2685 986 2762 horas
1004 2686 1108 2761 venit
1124 2685 1259 2764 iterum
1277 2687 1326 2763 ad
1343 2695 1461 2783 rates,
1484 2697 1523 2763 et

404 2816 591 2914 precepit,
611 2822 652 2890 vt
670 2815 826 2914 quilibet
844 2819 999 2911 paratus
1022 2813 1073 2888 sit
1091 2813 1140 2890 ad
1158 2836 1334 2912 pugnam.
1365 2815 1415 2890 Et
1433 2817 1521 2892 tim-

250 3017 253 3026 ,
404 2964 504 3040 pana
522 2941 611 3018 feeit
627 2947 822 3039 pereutere
841 2945 879 3014 et
897 2938 1059 3016 vexillas
1077 2939 1116 3014 in
1133 2941 1252 3017 tribus
1261 2942 1355 3019 ratis
1373 2942 1522 3038 erigere

404 3067 590 3166 preoepit,
621 3075 658 3144 et
686 3068 791 3144 missi
818 3065 1095 3164 inimus,super
1123 3065 1220 3144 Ister
1239 3067 1305 3144 lini
1324 3070 1363 3144 in
1382 3069 1521 3146 vadum

406 3191 569 3270 Erdedh.
599 3193 650 3268 Et
668 3193 720 3270 ibi
739 3199 847 3270 extra
874 3193 1095 3288 ligauimus,
1124 3200 1162 3268 et
1179 3193 1323 3292 Regem
1342 3204 1520 3295 expecta-

401 3320 547 3396 bamus.
575 3319 745 3398 loannes
771 3319 935 3396 vaiuodo
962 3320 1067 3394 venit
1092 3325 1179 3417 post
1205 3320 1348 3418 Regem
1368 3323 1415 3398 ad
1434 3323 1519 3399 blo-

404 3443 522 3540 baeh;
550 3445 638 3544 quia
665 3468 810 3545 pauper
838 3445 923 3521 Rex
959 3444 1175 3523 Ludonieus
1206 3449 1286 3544 jam
1325 3449 1521 3525 seneiebat

404 3572 641 3668 magnatibus
669 3571 984 3667 instabilitatem,
1023 3577 1061 3648 et
1089 3572 1282 3651 senoiebat
1310 3573 1521 3650 Turearum

406 3705 641 3797 potestatem,
662 3701 761 3798 quod
779 3699 990 3801 sepiissime
1000 3707 1086 3799 post
1094 3701 1217 3800 ipsum
1226 3702 1392 3799 legatum
1410 3725 1520 3779 suum

404 3847 534 3902 eurere
552 3825 703 3902 facebat
721 3826 769 3904 ad
786 3826 897 3902 tidem
915 3833 1069 3904 suamet
1080 3827 1128 3902 ad
1145 3827 1255 3904 tidem
1274 3830 1362 3906 aliis
1379 3829 1520 3930 prinei·

405 3947 558 4053 (putus.
588 3949 653 4028 Sie
678 3960 854 4049 venerat,
894 3952 1062 4052 alioquin
1086 3976 1162 4030 non
1188 3955 1349 4032 audebat
1374 3957 1519 4032 venire.

404 4075 528 4170 Quum
555 4080 721 4160 venisset
748 4081 843 4158 dixit
869 4081 982 4158 Rex:
1012 4079 1136 4179 ,Quid
1163 4082 1319 4159 laeimns
1332 4085 1432 4181 jam,
1452 4082 1519 4158 do-

405 4205 502 4284 mine
521 4207 701 4304 vaiuoda,
721 4209 821 4307 quod
839 4233 863 4284 a
881 4209 989 4286 nobis
1016 4209 1287 4287 nobilissimam
1312 4233 1435 4286 areem
1454 4235 1519 4286 ac-

403 4333 555 4432 enpanit
581 4335 958 4416 Nandor·Albensem
986 4336 1195 4416 anearnm
1224 4335 1380 4414 Cesar.“
1422 4338 1517 4416 Vai-

403 4459 501 4540 noda
528 4461 685 4540 audiens
712 4463 939 4542 eonfortauit
966 4462 1130 4560 Regem,
1159 4463 1336 4540 dieeens:
1361 4464 1518 4562 ,Etiam

404 4588 633 4689 aeeipiamns
659 4597 843 4670 retorsum
861 4592 911 4668 ab
929 4591 1015 4668 istis
1034 4591 1277 4669 lamentaret
1308 4590 1519 4670 Consilium

403 4711 505 4792 dedit
530 4714 651 4814 Regis
680 4717 893 4818 Majestati,
924 4725 964 4794 vt
991 4739 1166 4796 reuersus
1189 4717 1240 4794 sit
1267 4716 1315 4794 ad
1343 4715 1518 4817 Quinque
