<?xml version="1.0" encoding="UTF-8"?>
<!DOCTYPE html PUBLIC "-//W3C//DTD XHTML 1.0 Transitional//EN"
    "http://www.w3.org/TR/xhtml1/DTD/xhtml1-transitional.dtd">
<html xmlns="http://www.w3.org/1999/xhtml" xml:lang="en" lang="en">
 <head>
  <title>
</title>
<meta http-equiv="Content-Type" content="text/html;charset=utf-8" />
  <meta name='ocr-system' content='tesseract 3.04.00' />
  <meta name='ocr-capabilities' content='ocr_page ocr_carea ocr_par ocr_line ocrx_word'/>
</head>
<body>
  <div class='ocr_page' id='page_1' title='image "./emlkiratamagyar00wenzgoog_0056.png"; bbox 0 0 3294 5208; ppageno 0'>
   <div class='ocr_carea' id='block_1_1' title="bbox 1231 445 1254 521">
    <p class='ocr_par' dir='ltr' id='par_1_1' title="bbox 1231 445 1254 521">
     <span class='ocr_line' id='line_1_1' title="bbox 1231 445 1254 521; baseline 0 0"><span class='ocrx_word' id='word_1_1' title='bbox 1231 445 1254 521; x_wconf 82' lang='lat'>9</span> 
     </span>
    </p>
   </div>
   <div class='ocr_carea' id='block_1_2' title="bbox 162 641 1256 1375">
    <p class='ocr_par' dir='ltr' id='par_1_2' title="bbox 162 641 1256 1375">
     <span class='ocr_line' id='line_1_2' title="bbox 167 641 1256 744; baseline -0.006 -16"><span class='ocrx_word' id='word_1_2' title='bbox 167 647 292 728; x_wconf 83' lang='lat' dir='ltr'>tenebat</span> <span class='ocrx_word' id='word_1_3' title='bbox 309 647 446 724; x_wconf 86' lang='lat' dir='ltr'>vadum</span> <span class='ocrx_word' id='word_1_4' title='bbox 456 643 555 744; x_wconf 88' lang='lat' dir='ltr'>Regi</span> <span class='ocrx_word' id='word_1_5' title='bbox 573 643 756 742; x_wconf 80' lang='lat' dir='ltr'>fideliter3</span> <span class='ocrx_word' id='word_1_6' title='bbox 776 665 932 740; x_wconf 87' lang='lat' dir='ltr'>onmquo</span> <span class='ocrx_word' id='word_1_7' title='bbox 942 641 1026 719; x_wconf 85' lang='lat' dir='ltr'>Rex</span> <span class='ocrx_word' id='word_1_8' title='bbox 1045 641 1256 721; x_wconf 85' lang='lat' dir='ltr'>intrauerat</span> 
     </span>
     <span class='ocr_line' id='line_1_3' title="bbox 165 767 1254 870; baseline -0.006 -17"><span class='ocrx_word' id='word_1_9' title='bbox 165 777 393 870; x_wconf 83' lang='lat' dir='ltr'>adcarinam,</span> <span class='ocrx_word' id='word_1_10' title='bbox 414 796 502 848; x_wconf 85' lang='lat' dir='ltr'>mox</span> <span class='ocrx_word' id='word_1_11' title='bbox 520 773 686 848; x_wconf 88' lang='lat' dir='ltr'>Miobael</span> <span class='ocrx_word' id='word_1_12' title='bbox 713 794 796 847; x_wconf 87' lang='lat' dir='ltr'>oum</span> <span class='ocrx_word' id='word_1_13' title='bbox 824 767 904 846; x_wconf 80' lang='lat' dir='ltr'>suia</span> <span class='ocrx_word' id='word_1_14' title='bbox 931 769 1088 867; x_wconf 82' lang='lat' dir='ltr'>paribus</span> <span class='ocrx_word' id='word_1_15' title='bbox 1108 769 1254 866; x_wconf 82' lang='lat' dir='ltr'>Regem</span> 
     </span>
     <span class='ocr_line' id='line_1_4' title="bbox 165 894 1254 978; baseline -0.003 -2"><span class='ocrx_word' id='word_1_16' title='bbox 165 903 328 978; x_wconf 87' lang='lat' dir='ltr'>inoarina</span> <span class='ocrx_word' id='word_1_17' title='bbox 347 901 544 977; x_wconf 82' lang='lat' dir='ltr'>obumbrat</span> <span class='ocrx_word' id='word_1_18' title='bbox 561 906 599 974; x_wconf 81' lang='lat' dir='ltr'>et</span> <span class='ocrx_word' id='word_1_19' title='bbox 617 921 701 973; x_wconf 90' lang='lat' dir='ltr'>oum</span> <span class='ocrx_word' id='word_1_20' title='bbox 718 897 758 972; x_wconf 93' lang='lat' dir='ltr'>in</span> <span class='ocrx_word' id='word_1_21' title='bbox 770 895 893 972; x_wconf 83' lang='lat' dir='ltr'>medio</span> <span class='ocrx_word' id='word_1_22' title='bbox 912 894 979 970; x_wconf 86' lang='lat' dir='ltr'>fini</span> <span class='ocrx_word' id='word_1_23' title='bbox 997 895 1175 972; x_wconf 75' lang='lat' dir='ltr'>Danubio</span> <span class='ocrx_word' id='word_1_24' title='bbox 1194 921 1254 973; x_wconf 88' lang='lat' dir='ltr'>re·</span> 
     </span>
     <span class='ocr_line' id='line_1_5' title="bbox 162 1021 1253 1126; baseline -0.006 -23"><span class='ocrx_word' id='word_1_25' title='bbox 162 1035 253 1126; x_wconf 83' lang='lat' dir='ltr'>pente</span> <span class='ocrx_word' id='word_1_26' title='bbox 268 1049 396 1124; x_wconf 89' lang='lat' dir='ltr'>regem</span> <span class='ocrx_word' id='word_1_27' title='bbox 413 1024 635 1101; x_wconf 82' lang='lat' dir='ltr'>Ladislaum</span> <span class='ocrx_word' id='word_1_28' title='bbox 663 1024 875 1121; x_wconf 76' lang='lat' dir='ltr'>capientes,</span> <span class='ocrx_word' id='word_1_29' title='bbox 895 1021 945 1095; x_wconf 83' lang='lat' dir='ltr'>ad</span> <span class='ocrx_word' id='word_1_30' title='bbox 963 1022 1101 1096; x_wconf 88' lang='lat' dir='ltr'>oollnm</span> <span class='ocrx_word' id='word_1_31' title='bbox 1119 1044 1253 1098; x_wconf 80' lang='lat' dir='ltr'>saxum</span> 
     </span>
     <span class='ocr_line' id='line_1_6' title="bbox 163 1145 1254 1252; baseline -0.005 -24"><span class='ocrx_word' id='word_1_32' title='bbox 163 1175 315 1250; x_wconf 78' lang='lat' dir='ltr'>magnum</span> <span class='ocrx_word' id='word_1_33' title='bbox 333 1151 542 1251; x_wconf 83' lang='lat' dir='ltr'>aplieantes</span> <span class='ocrx_word' id='word_1_34' title='bbox 561 1159 598 1228; x_wconf 90' lang='lat' dir='ltr'>et</span> <span class='ocrx_word' id='word_1_35' title='bbox 616 1153 657 1227; x_wconf 93' lang='lat' dir='ltr'>in</span> <span class='ocrx_word' id='word_1_36' title='bbox 675 1173 810 1248; x_wconf 89' lang='lat' dir='ltr'>aquam</span> <span class='ocrx_word' id='word_1_37' title='bbox 830 1150 1110 1226; x_wconf 78' lang='lat' dir='ltr'>submerserunt</span> <span class='ocrx_word' id='word_1_38' title='bbox 1132 1145 1182 1252; x_wconf 76' lang='lat'>⁴¹).</span> <span class='ocrx_word' id='word_1_39' title='bbox 1201 1149 1254 1223; x_wconf 82' lang='lat' dir='ltr'>Et</span> 
     </span>
     <span class='ocr_line' id='line_1_7' title="bbox 162 1274 1252 1375; baseline -0.004 -21"><span class='ocrx_word' id='word_1_40' title='bbox 162 1278 242 1375; x_wconf 83' lang='lat' dir='ltr'>Regi</span> <span class='ocrx_word' id='word_1_41' title='bbox 267 1279 488 1356; x_wconf 83' lang='lat' dir='ltr'>thezanrum</span> <span class='ocrx_word' id='word_1_42' title='bbox 524 1301 607 1353; x_wconf 86' lang='lat' dir='ltr'>oum</span> <span class='ocrx_word' id='word_1_43' title='bbox 645 1275 923 1354; x_wconf 80' lang='lat' dir='ltr'>enbioularibno</span> <span class='ocrx_word' id='word_1_44' title='bbox 961 1295 1044 1350; x_wconf 91' lang='lat' dir='ltr'>oum</span> <span class='ocrx_word' id='word_1_45' title='bbox 1082 1274 1252 1350; x_wconf 76' lang='lat' dir='ltr'>exercitu</span> 
     </span>
    </p>
   </div>
   <div class='ocr_carea' id='block_1_3' title="bbox 35 1399 1251 1501">
    <p class='ocr_par' dir='ltr' id='par_1_3' title="bbox 35 1399 1251 1501">
     <span class='ocr_line' id='line_1_8' title="bbox 35 1399 1251 1501; baseline -0.002 -22"><span class='ocrx_word' id='word_1_46' title='bbox 35 1427 41 1436; x_wconf 94' lang='lat'>·</span> <span class='ocrx_word' id='word_1_47' title='bbox 159 1427 275 1501; x_wconf 87' lang='lat' dir='ltr'>magno</span> <span class='ocrx_word' id='word_1_48' title='bbox 294 1405 344 1480; x_wconf 84' lang='lat' dir='ltr'>ad</span> <span class='ocrx_word' id='word_1_49' title='bbox 362 1427 487 1482; x_wconf 86' lang='lat' dir='ltr'>areem</span> <span class='ocrx_word' id='word_1_50' title='bbox 506 1401 818 1480; x_wconf 73' lang='lat' dir='ltr'>Nonum-Albam</span> <span class='ocrx_word' id='word_1_51' title='bbox 836 1401 1002 1497; x_wconf 83' lang='lat' dir='ltr'>deduxit,</span> <span class='ocrx_word' id='word_1_52' title='bbox 1023 1407 1060 1477; x_wconf 88' lang='lat' dir='ltr'>et</span> <span class='ocrx_word' id='word_1_53' title='bbox 1078 1399 1251 1496; x_wconf 78' lang='lat' dir='ltr'>Regnum</span> 
     </span>
    </p>
   </div>
   <div class='ocr_carea' id='block_1_4' title="bbox 157 1525 1341 2509">
    <p class='ocr_par' dir='ltr' id='par_1_4' title="bbox 157 1525 1341 2509">
     <span class='ocr_line' id='line_1_9' title="bbox 159 1525 1251 1627; baseline -0.005 -22"><span class='ocrx_word' id='word_1_54' title='bbox 159 1529 391 1607; x_wconf 86' lang='lat' dir='ltr'>Raoianornm</span> <span class='ocrx_word' id='word_1_55' title='bbox 419 1530 553 1606; x_wconf 88' lang='lat' dir='ltr'>oirouit</span> <span class='ocrx_word' id='word_1_56' title='bbox 569 1551 687 1626; x_wconf 79' lang='lat' dir='ltr'>voque</span> <span class='ocrx_word' id='word_1_57' title='bbox 713 1529 763 1604; x_wconf 89' lang='lat' dir='ltr'>ad</span> <span class='ocrx_word' id='word_1_58' title='bbox 779 1529 1013 1627; x_wconf 88' lang='lat' dir='ltr'>proninoiam</span> <span class='ocrx_word' id='word_1_59' title='bbox 1032 1525 1251 1603; x_wconf 84' lang='lat' dir='ltr'>Branoboff-</span> 
     </span>
     <span class='ocr_line' id='line_1_10' title="bbox 159 1653 1253 1757; baseline -0.002 -26"><span class='ocrx_word' id='word_1_60' title='bbox 159 1679 236 1752; x_wconf 78' lang='lat' dir='ltr'>anag</span> <span class='ocrx_word' id='word_1_61' title='bbox 254 1653 330 1757; x_wconf 67' lang='grc'>“);</span> <span class='ocrx_word' id='word_1_62' title='bbox 351 1656 499 1732; x_wconf 81' lang='lat' dir='ltr'>Turooa</span> <span class='ocrx_word' id='word_1_63' title='bbox 518 1654 702 1731; x_wconf 78' lang='lat' dir='ltr'>officiales</span> <span class='ocrx_word' id='word_1_64' title='bbox 710 1655 776 1732; x_wconf 83' lang='lat' dir='ltr'>vbi</span> <span class='ocrx_word' id='word_1_65' title='bbox 794 1655 916 1751; x_wconf 87' lang='lat' dir='ltr'>potnit</span> <span class='ocrx_word' id='word_1_66' title='bbox 932 1653 1104 1729; x_wconf 83' lang='lat' dir='ltr'>invenire</span> <span class='ocrx_word' id='word_1_67' title='bbox 1121 1653 1253 1750; x_wconf 87' lang='lat' dir='ltr'>depre-</span> 
     </span>
     <span class='ocr_line' id='line_1_11' title="bbox 157 1779 1251 1880; baseline 0.002 -26"><span class='ocrx_word' id='word_1_68' title='bbox 157 1779 252 1876; x_wconf 82' lang='lat' dir='ltr'>bnt,</span> <span class='ocrx_word' id='word_1_69' title='bbox 272 1789 309 1856; x_wconf 88' lang='lat' dir='ltr'>et</span> <span class='ocrx_word' id='word_1_70' title='bbox 327 1804 411 1857; x_wconf 86' lang='lat' dir='ltr'>oum</span> <span class='ocrx_word' id='word_1_71' title='bbox 428 1781 593 1856; x_wconf 85' lang='lat' dir='ltr'>maxima</span> <span class='ocrx_word' id='word_1_72' title='bbox 602 1779 877 1880; x_wconf 86' lang='lat' dir='ltr'>depredaoione</span> <span class='ocrx_word' id='word_1_73' title='bbox 885 1781 990 1856; x_wconf 85' lang='lat' dir='ltr'>venit</span> <span class='ocrx_word' id='word_1_74' title='bbox 1008 1780 1103 1856; x_wconf 79' lang='lat' dir='ltr'>felix</span> <span class='ocrx_word' id='word_1_75' title='bbox 1121 1779 1171 1855; x_wconf 88' lang='lat' dir='ltr'>ad</span> <span class='ocrx_word' id='word_1_76' title='bbox 1188 1802 1251 1856; x_wconf 83' lang='lat' dir='ltr'>ar-</span> 
     </span>
     <span class='ocr_line' id='line_1_12' title="bbox 158 1905 1248 2004; baseline -0.001 -23"><span class='ocrx_word' id='word_1_77' title='bbox 158 1929 222 1981; x_wconf 82' lang='lat' dir='ltr'>cem</span> <span class='ocrx_word' id='word_1_78' title='bbox 238 1905 561 1985; x_wconf 75' lang='lat' dir='ltr'>Nonum-Albam.</span> <span class='ocrx_word' id='word_1_79' title='bbox 590 1909 643 1984; x_wconf 86' lang='lat' dir='ltr'>Et</span> <span class='ocrx_word' id='word_1_80' title='bbox 669 1909 797 1984; x_wconf 80' lang='lat' dir='ltr'>saman</span> <span class='ocrx_word' id='word_1_81' title='bbox 814 1908 861 1983; x_wconf 82' lang='lat' dir='ltr'>do</span> <span class='ocrx_word' id='word_1_82' title='bbox 879 1906 987 2004; x_wconf 85' lang='lat' dir='ltr'>Rege</span> <span class='ocrx_word' id='word_1_83' title='bbox 1005 1911 1172 1982; x_wconf 77' lang='lat' dir='ltr'>mortuus</span> <span class='ocrx_word' id='word_1_84' title='bbox 1191 1906 1248 1980; x_wconf 87' lang='lat' dir='ltr'>fo·</span> 
     </span>
     <span class='ocr_line' id='line_1_13' title="bbox 158 2031 1248 2131; baseline 0.003 -27"><span class='ocrx_word' id='word_1_85' title='bbox 158 2039 201 2106; x_wconf 86' lang='lat' dir='ltr'>ret</span> <span class='ocrx_word' id='word_1_86' title='bbox 215 2031 252 2106; x_wconf 93' lang='lat' dir='ltr'>in</span> <span class='ocrx_word' id='word_1_87' title='bbox 268 2032 401 2129; x_wconf 89' lang='lat' dir='ltr'>Regno</span> <span class='ocrx_word' id='word_1_88' title='bbox 429 2033 581 2110; x_wconf 89' lang='lat' dir='ltr'>anoie.</span> <span class='ocrx_word' id='word_1_89' title='bbox 610 2034 662 2110; x_wconf 86' lang='lat' dir='ltr'>Et</span> <span class='ocrx_word' id='word_1_90' title='bbox 679 2033 855 2131; x_wconf 88' lang='lat' dir='ltr'>Hnngari</span> <span class='ocrx_word' id='word_1_91' title='bbox 884 2033 939 2108; x_wconf 91' lang='lat' dir='ltr'>nil</span> <span class='ocrx_word' id='word_1_92' title='bbox 966 2033 1181 2108; x_wconf 82' lang='lat' dir='ltr'>metuebant</span> <span class='ocrx_word' id='word_1_93' title='bbox 1200 2031 1248 2107; x_wconf 86' lang='lat' dir='ltr'>de</span> 
     </span>
     <span class='ocr_line' id='line_1_14' title="bbox 159 2157 1250 2256; baseline 0.001 -25"><span class='ocrx_word' id='word_1_94' title='bbox 159 2163 255 2233; x_wconf 88' lang='lat' dir='ltr'>morte</span> <span class='ocrx_word' id='word_1_95' title='bbox 271 2157 379 2256; x_wconf 84' lang='lat' dir='ltr'>Rege</span> <span class='ocrx_word' id='word_1_96' title='bbox 398 2157 593 2237; x_wconf 82' lang='lat' dir='ltr'>Germani.</span> <span class='ocrx_word' id='word_1_97' title='bbox 622 2161 675 2236; x_wconf 86' lang='lat' dir='ltr'>Et</span> <span class='ocrx_word' id='word_1_98' title='bbox 701 2161 759 2237; x_wconf 81' lang='lat' dir='ltr'>aio</span> <span class='ocrx_word' id='word_1_99' title='bbox 776 2161 900 2237; x_wconf 88' lang='lat' dir='ltr'>finiuit</span> <span class='ocrx_word' id='word_1_100' title='bbox 917 2159 1035 2234; x_wconf 82' lang='lat' dir='ltr'>&#39;vitam</span> <span class='ocrx_word' id='word_1_101' title='bbox 1053 2180 1160 2235; x_wconf 81' lang='lat' dir='ltr'>auam</span> <span class='ocrx_word' id='word_1_102' title='bbox 1178 2163 1250 2232; x_wconf 87' lang='lat' dir='ltr'>eto.</span> 
     </span>
     <span class='ocr_line' id='line_1_15' title="bbox 159 2283 1341 2385; baseline 0.001 -28"><span class='ocrx_word' id='word_1_103' title='bbox 159 2283 229 2377; x_wconf 84' lang='lat' dir='ltr'>qnia</span> <span class='ocrx_word' id='word_1_104' title='bbox 243 2308 311 2382; x_wconf 87' lang='lat' dir='ltr'>par</span> <span class='ocrx_word' id='word_1_105' title='bbox 337 2287 494 2384; x_wconf 82' lang='lat' dir='ltr'>paribus</span> <span class='ocrx_word' id='word_1_106' title='bbox 521 2287 745 2363; x_wconf 83' lang='lat' dir='ltr'>asimilatnr.</span> <span class='ocrx_word' id='word_1_107' title='bbox 781 2287 1007 2385; x_wconf 84' lang='lat' dir='ltr'>Exemplum</span> <span class='ocrx_word' id='word_1_108' title='bbox 1033 2283 1183 2380; x_wconf 84' lang='lat' dir='ltr'>nigrido</span> <span class='ocrx_word' id='word_1_109' title='bbox 1212 2289 1250 2360; x_wconf 85' lang='lat' dir='ltr'>et</span> <span class='ocrx_word' id='word_1_110' title='bbox 1337 2293 1341 2300; x_wconf 84' lang='lat'>&#39;</span> 
     </span>
     <span class='ocr_line' id='line_1_16' title="bbox 159 2407 1248 2509; baseline 0.005 -30"><span class='ocrx_word' id='word_1_111' title='bbox 159 2407 271 2485; x_wconf 79' lang='lat' dir='ltr'>albedo</span> <span class='ocrx_word' id='word_1_112' title='bbox 289 2411 415 2488; x_wconf 81' lang='lat' dir='ltr'>differt</span> <span class='ocrx_word' id='word_1_113' title='bbox 432 2413 480 2488; x_wconf 90' lang='lat' dir='ltr'>ab</span> <span class='ocrx_word' id='word_1_114' title='bbox 491 2413 589 2508; x_wconf 88' lang='lat' dir='ltr'>alio;</span> <span class='ocrx_word' id='word_1_115' title='bbox 609 2412 664 2487; x_wconf 86' lang='lat' dir='ltr'>ita</span> <span class='ocrx_word' id='word_1_116' title='bbox 683 2419 720 2488; x_wconf 89' lang='lat' dir='ltr'>et</span> <span class='ocrx_word' id='word_1_117' title='bbox 737 2417 870 2509; x_wconf 80' lang='lat' dir='ltr'>gentes</span> <span class='ocrx_word' id='word_1_118' title='bbox 888 2411 987 2488; x_wconf 88' lang='lat' dir='ltr'>inter</span> <span class='ocrx_word' id='word_1_119' title='bbox 1005 2433 1048 2487; x_wconf 83' lang='lat' dir='ltr'>se</span> <span class='ocrx_word' id='word_1_120' title='bbox 1065 2433 1140 2486; x_wconf 95' lang='lat' dir='ltr'>non</span> <span class='ocrx_word' id='word_1_121' title='bbox 1158 2432 1248 2485; x_wconf 87' lang='lat' dir='ltr'>eon-</span> 
     </span>
    </p>
   </div>
   <div class='ocr_carea' id='block_1_5' title="bbox 11 2533 344 2612">
    <p class='ocr_par' dir='ltr' id='par_1_5' title="bbox 11 2533 344 2612">
     <span class='ocr_line' id='line_1_17' title="bbox 11 2533 344 2612; baseline 0 -2"><span class='ocrx_word' id='word_1_122' title='bbox 11 2605 12 2610; x_wconf 13' lang='lat'><em>*</em></span> <span class='ocrx_word' id='word_1_123' title='bbox 159 2533 344 2612; x_wconf 77' lang='lat' dir='ltr'>tondantur.</span> 
     </span>
    </p>
   </div>
   <div class='ocr_carea' id='block_1_6' title="bbox 476 2780 916 2887">
    <p class='ocr_par' dir='ltr' id='par_1_6' title="bbox 476 2780 916 2887">
     <span class='ocr_line' id='line_1_18' title="bbox 476 2780 916 2887; baseline 0 -25"><span class='ocrx_word' id='word_1_124' title='bbox 476 2780 840 2887; x_wconf 59' lang='lat' dir='ltr'>a-oueuuuuum</span> <span class='ocrx_word' id='word_1_125' title='bbox 868 2786 916 2864; x_wconf 85' lang='lat' dir='ltr'>v.</span> 
     </span>
    </p>
   </div>
   <div class='ocr_carea' id='block_1_7' title="bbox 156 2953 1249 3186">
    <p class='ocr_par' dir='ltr' id='par_1_7' title="bbox 156 2953 1249 3186">
     <span class='ocr_line' id='line_1_19' title="bbox 156 2953 1249 3060; baseline 0.011 -31"><span class='ocrx_word' id='word_1_126' title='bbox 156 2953 225 3032; x_wconf 76' lang='lat' dir='ltr'>ian</span> <span class='ocrx_word' id='word_1_127' title='bbox 238 2965 324 3055; x_wconf 74' lang='lat' dir='ltr'>pont</span> <span class='ocrx_word' id='word_1_128' title='bbox 348 2965 513 3037; x_wconf 85' lang='lat' dir='ltr'>mortem</span> <span class='ocrx_word' id='word_1_129' title='bbox 529 2965 697 3039; x_wconf 81' lang='lat' dir='ltr'>Ladialai</span> <span class='ocrx_word' id='word_1_130' title='bbox 721 2965 838 3060; x_wconf 79' lang='lat' dir='ltr'>Regis</span> <span class='ocrx_word' id='word_1_131' title='bbox 855 2963 1033 3040; x_wconf 83' lang='lat' dir='ltr'>Alemani</span> <span class='ocrx_word' id='word_1_132' title='bbox 1060 2966 1249 3058; x_wconf 83' lang='lat' dir='ltr'>quomodo</span> 
     </span>
     <span class='ocr_line' id='line_1_20' title="bbox 156 3083 1247 3186; baseline 0.008 -30"><span class='ocrx_word' id='word_1_133' title='bbox 156 3083 319 3160; x_wconf 73' lang='lat' dir='ltr'>lathiam</span> <span class='ocrx_word' id='word_1_134' title='bbox 344 3088 557 3162; x_wconf 82' lang='lat' dir='ltr'>vaidafiam</span> <span class='ocrx_word' id='word_1_135' title='bbox 584 3091 625 3162; x_wconf 92' lang='lat' dir='ltr'>in</span> <span class='ocrx_word' id='word_1_136' title='bbox 650 3092 796 3184; x_wconf 78' lang='lat' dir='ltr'>Regem</span> <span class='ocrx_word' id='word_1_137' title='bbox 822 3095 1045 3166; x_wconf 74' lang='lat' dir='ltr'>statuerunt</span> <span class='ocrx_word' id='word_1_138' title='bbox 1061 3091 1247 3186; x_wconf 76' lang='lat' dir='ltr'>Hungani</span> 
     </span>
    </p>
   </div>
   <div class='ocr_carea' id='block_1_8' title="bbox 151 3299 1268 4290">
    <p class='ocr_par' dir='ltr' id='par_1_8' title="bbox 151 3299 1268 4290">
     <span class='ocr_line' id='line_1_21' title="bbox 240 3299 1245 3400; baseline 0.007 -26"><span class='ocrx_word' id='word_1_139' title='bbox 240 3299 405 3378; x_wconf 83' lang='lat' dir='ltr'>Miebael</span> <span class='ocrx_word' id='word_1_140' title='bbox 423 3299 550 3399; x_wconf 86' lang='lat' dir='ltr'>Zilagi</span> <span class='ocrx_word' id='word_1_141' title='bbox 578 3303 690 3380; x_wconf 87' lang='lat' dir='ltr'>valde</span> <span class='ocrx_word' id='word_1_142' title='bbox 717 3307 952 3400; x_wconf 85' lang='lat' dir='ltr'>gubernabat</span> <span class='ocrx_word' id='word_1_143' title='bbox 979 3305 1018 3382; x_wconf 93' lang='lat' dir='ltr'>in</span> <span class='ocrx_word' id='word_1_144' title='bbox 1038 3304 1245 3381; x_wconf 80' lang='lat' dir='ltr'>confinibus</span> 
     </span>
     <span class='ocr_line' id='line_1_22' title="bbox 154 3427 1247 3527; baseline 0.009 -32"><span class='ocrx_word' id='word_1_145' title='bbox 154 3443 259 3522; x_wconf 76' lang='lat' dir='ltr'>artes,</span> <span class='ocrx_word' id='word_1_146' title='bbox 297 3427 476 3504; x_wconf 84' lang='lat' dir='ltr'>videlieet</span> <span class='ocrx_word' id='word_1_147' title='bbox 502 3429 816 3509; x_wconf 74' lang='lat' dir='ltr'>mandor-Albam</span> <span class='ocrx_word' id='word_1_148' title='bbox 844 3439 882 3506; x_wconf 89' lang='lat' dir='ltr'>et</span> <span class='ocrx_word' id='word_1_149' title='bbox 911 3430 1178 3527; x_wconf 81' lang='lat' dir='ltr'>Themeswa13</span> <span class='ocrx_word' id='word_1_150' title='bbox 1209 3439 1247 3506; x_wconf 91' lang='lat' dir='ltr'>et</span> 
     </span>
     <span class='ocr_line' id='line_1_23' title="bbox 154 3545 1245 3654; baseline 0.008 -32"><span class='ocrx_word' id='word_1_151' title='bbox 154 3545 275 3626; x_wconf 84' lang='lat' dir='ltr'>Budam</span> <span class='ocrx_word' id='word_1_152' title='bbox 293 3575 419 3628; x_wconf 86' lang='lat' dir='ltr'>aroem</span> <span class='ocrx_word' id='word_1_153' title='bbox 447 3564 706 3654; x_wconf 84' lang='lat' dir='ltr'>oocupanerat.</span> <span class='ocrx_word' id='word_1_154' title='bbox 737 3555 837 3649; x_wconf 85' lang='lat' dir='ltr'>Quia</span> <span class='ocrx_word' id='word_1_155' title='bbox 863 3559 939 3632; x_wconf 85' lang='lat' dir='ltr'>iam</span> <span class='ocrx_word' id='word_1_156' title='bbox 957 3557 1133 3654; x_wconf 88' lang='lat' dir='ltr'>Hungari</span> <span class='ocrx_word' id='word_1_157' title='bbox 1162 3557 1245 3634; x_wconf 80' lang='lat' dir='ltr'>aine</span> 
     </span>
     <span class='ocr_line' id='line_1_24' title="bbox 154 3671 1246 3776; baseline 0.008 -29"><span class='ocrx_word' id='word_1_158' title='bbox 154 3671 240 3771; x_wconf 89' lang='lat' dir='ltr'>Rege</span> <span class='ocrx_word' id='word_1_159' title='bbox 257 3688 453 3776; x_wconf 79' lang='lat' dir='ltr'>vacarent,</span> <span class='ocrx_word' id='word_1_160' title='bbox 474 3682 547 3758; x_wconf 82' lang='lat' dir='ltr'>isto</span> <span class='ocrx_word' id='word_1_161' title='bbox 558 3681 726 3758; x_wconf 91' lang='lat' dir='ltr'>Miobael</span> <span class='ocrx_word' id='word_1_162' title='bbox 744 3683 871 3761; x_wconf 81' lang='lat' dir='ltr'>statim</span> <span class='ocrx_word' id='word_1_163' title='bbox 881 3705 963 3758; x_wconf 86' lang='lat' dir='ltr'>enm</span> <span class='ocrx_word' id='word_1_164' title='bbox 982 3683 1157 3758; x_wconf 87' lang='lat' dir='ltr'>fanenoia</span> <span class='ocrx_word' id='word_1_165' title='bbox 1175 3706 1246 3759; x_wconf 83' lang='lat' dir='ltr'>ana</span> 
     </span>
     <span class='ocr_line' id='line_1_25' title="bbox 154 3801 1244 3902; baseline 0.006 -24"><span class='ocrx_word' id='word_1_166' title='bbox 154 3801 245 3880; x_wconf 82' lang='lat' dir='ltr'>uinis</span> <span class='ocrx_word' id='word_1_167' title='bbox 261 3814 456 3902; x_wconf 82' lang='lat' dir='ltr'>magnates</span> <span class='ocrx_word' id='word_1_168' title='bbox 475 3815 513 3883; x_wconf 92' lang='lat' dir='ltr'>et</span> <span class='ocrx_word' id='word_1_169' title='bbox 529 3808 692 3885; x_wconf 82' lang='lat' dir='ltr'>barones</span> <span class='ocrx_word' id='word_1_170' title='bbox 722 3831 851 3886; x_wconf 77' lang='lat' dir='ltr'>omnes</span> <span class='ocrx_word' id='word_1_171' title='bbox 878 3809 1093 3884; x_wconf 85' lang='lat' dir='ltr'>muneribus</span> <span class='ocrx_word' id='word_1_172' title='bbox 1112 3811 1182 3885; x_wconf 78' lang='lat' dir='ltr'>snb</span> <span class='ocrx_word' id='word_1_173' title='bbox 1201 3831 1244 3885; x_wconf 80' lang='lat' dir='ltr'>ee</span> 
     </span>
     <span class='ocr_line' id='line_1_26' title="bbox 153 3919 1243 4032; baseline 0.011 -36"><span class='ocrx_word' id='word_1_174' title='bbox 153 3919 317 4007; x_wconf 79' lang='lat' dir='ltr'>declinare</span> <span class='ocrx_word' id='word_1_175' title='bbox 345 3932 446 4008; x_wconf 86' lang='lat' dir='ltr'>feeit.</span> <span class='ocrx_word' id='word_1_176' title='bbox 475 3933 662 4032; x_wconf 88' lang='lat' dir='ltr'>Preoipue</span> <span class='ocrx_word' id='word_1_177' title='bbox 689 3935 801 4010; x_wconf 81' lang='lat' dir='ltr'>istum</span> <span class='ocrx_word' id='word_1_178' title='bbox 830 3958 1007 4032; x_wconf 88' lang='lat' dir='ltr'>magnum</span> <span class='ocrx_word' id='word_1_179' title='bbox 1032 3933 1243 4032; x_wconf 87' lang='lat' dir='ltr'>prinoipem</span> 
     </span>
     <span class='ocr_line' id='line_1_27' title="bbox 153 4045 1243 4154; baseline 0.009 -31"><span class='ocrx_word' id='word_1_180' title='bbox 153 4045 328 4132; x_wconf 83' lang='lat' dir='ltr'>b&#39;ioolaum</span> <span class='ocrx_word' id='word_1_181' title='bbox 346 4057 554 4154; x_wconf 86' lang='lat' dir='ltr'>palatinum</span> <span class='ocrx_word' id='word_1_182' title='bbox 582 4059 628 4135; x_wconf 86' lang='lat' dir='ltr'>de</span> <span class='ocrx_word' id='word_1_183' title='bbox 658 4057 948 4137; x_wconf 89' lang='lat' dir='ltr'>Zerem-Wilak</span> <span class='ocrx_word' id='word_1_184' title='bbox 976 4083 1059 4136; x_wconf 90' lang='lat' dir='ltr'>oum</span> <span class='ocrx_word' id='word_1_185' title='bbox 1077 4061 1243 4134; x_wconf 81' lang='lat' dir='ltr'>maxima</span> 
     </span>
     <span class='ocr_line' id='line_1_28' title="bbox 151 4177 1268 4290; baseline 0.008 -38"><span class='ocrx_word' id='word_1_186' title='bbox 151 4177 349 4259; x_wconf 77' lang='lat' dir='ltr'>adulacione</span> <span class='ocrx_word' id='word_1_187' title='bbox 377 4209 424 4260; x_wconf 89' lang='lat' dir='ltr'>ao</span> <span class='ocrx_word' id='word_1_188' title='bbox 451 4206 533 4261; x_wconf 87' lang='lat' dir='ltr'>enm</span> <span class='ocrx_word' id='word_1_189' title='bbox 561 4185 670 4262; x_wconf 83' lang='lat' dir='ltr'>donia</span> <span class='ocrx_word' id='word_1_190' title='bbox 697 4187 816 4264; x_wconf 77' lang='lat' dir='ltr'>variis</span> <span class='ocrx_word' id='word_1_191' title='bbox 845 4187 1062 4284; x_wconf 80' lang='lat' dir='ltr'>subiugauit</span> <span class='ocrx_word' id='word_1_192' title='bbox 1089 4185 1268 4290; x_wconf 85' lang='lat' dir='ltr'>libitum¹</span> 
     </span>
    </p>
   </div>
   <div class='ocr_carea' id='block_1_9' title="bbox 149 4443 1244 4796">
    <p class='ocr_par' dir='ltr' id='par_1_9' title="bbox 149 4443 1244 4705">
     <span class='ocr_line' id='line_1_29' title="bbox 176 4443 1242 4526; baseline 0.004 -24"><span class='ocrx_word' id='word_1_193' title='bbox 176 4443 204 4510; x_wconf 74' lang='lat'>⁵)</span> <span class='ocrx_word' id='word_1_194' title='bbox 215 4445 274 4503; x_wconf 72' lang='lat' dir='ltr'>um</span> <span class='ocrx_word' id='word_1_195' title='bbox 285 4449 416 4522; x_wconf 76' lang='lat' dir='ltr'>egykorn</span> <span class='ocrx_word' id='word_1_196' title='bbox 438 4449 491 4508; x_wconf 67' lang='lat' dir='ltr'>hez</span> <span class='ocrx_word' id='word_1_197' title='bbox 513 4450 713 4526; x_wconf 73' lang='lat' dir='ltr'>megjegyndae</span> <span class='ocrx_word' id='word_1_198' title='bbox 733 4469 752 4508; x_wconf 90' lang='lat' dir='ltr'>a</span> <span class='ocrx_word' id='word_1_199' title='bbox 773 4453 822 4525; x_wconf 82' lang='lat' dir='ltr'>lep</span> <span class='ocrx_word' id='word_1_200' title='bbox 834 4451 951 4510; x_wconf 65' lang='lat' dir='ltr'>andlan:</span> <span class='ocrx_word' id='word_1_201' title='bbox 968 4455 1054 4524; x_wconf 82' lang='lat' dir='ltr'>„Non</span> <span class='ocrx_word' id='word_1_202' title='bbox 1075 4459 1121 4510; x_wconf 81' lang='lat' dir='ltr'>eat</span> <span class='ocrx_word' id='word_1_203' title='bbox 1133 4471 1242 4522; x_wconf 81' lang='lat' dir='ltr'>verum,</span> 
     </span>
     <span class='ocr_line' id='line_1_30' title="bbox 151 4535 1244 4614; baseline 0 -16"><span class='ocrx_word' id='word_1_204' title='bbox 151 4535 373 4598; x_wconf 66' lang='lat' dir='ltr'>mommoleno</span> <span class='ocrx_word' id='word_1_205' title='bbox 386 4541 447 4596; x_wconf 83' lang='lat' dir='ltr'>Rex</span> <span class='ocrx_word' id='word_1_206' title='bbox 459 4548 648 4613; x_wconf 80' lang='lat' dir='ltr'>cognomento</span> <span class='ocrx_word' id='word_1_207' title='bbox 672 4542 792 4613; x_wconf 82' lang='lat' dir='ltr'>pulcher</span> <span class='ocrx_word' id='word_1_208' title='bbox 812 4545 851 4600; x_wconf 82' lang='lat' dir='ltr'>ait</span> <span class='ocrx_word' id='word_1_209' title='bbox 872 4543 1054 4611; x_wconf 79' lang='lat' dir='ltr'>submonua;</span> <span class='ocrx_word' id='word_1_210' title='bbox 1076 4543 1128 4600; x_wconf 77' lang='lat' dir='ltr'>aed</span> <span class='ocrx_word' id='word_1_211' title='bbox 1149 4543 1244 4614; x_wconf 81' lang='lat' dir='ltr'>Prage</span> 
     </span>
     <span class='ocr_line' id='line_1_31' title="bbox 149 4617 1195 4705; baseline 0.007 -22"><span class='ocrx_word' id='word_1_212' title='bbox 149 4617 294 4694; x_wconf 63' lang='lat' dir='ltr'>bitom</span> <span class='ocrx_word' id='word_1_213' title='bbox 304 4645 323 4684; x_wconf 81' lang='lat' dir='ltr'>a</span> <span class='ocrx_word' id='word_1_214' title='bbox 335 4631 535 4704; x_wconf 82' lang='lat' dir='ltr'>Pogyebraoio</span> <span class='ocrx_word' id='word_1_215' title='bbox 546 4637 649 4702; x_wconf 76' lang='lat' dir='ltr'>postea</span> <span class='ocrx_word' id='word_1_216' title='bbox 661 4633 742 4705; x_wconf 84' lang='lat' dir='ltr'>Rege</span> <span class='ocrx_word' id='word_1_217' title='bbox 753 4633 891 4691; x_wconf 89' lang='lat' dir='ltr'>Bobemie</span> <span class='ocrx_word' id='word_1_218' title='bbox 904 4651 1014 4691; x_wconf 83' lang='lat' dir='ltr'>veneno</span> <span class='ocrx_word' id='word_1_219' title='bbox 1027 4633 1195 4691; x_wconf 74' lang='lat' dir='ltr'>sublatuo.“</span> 
     </span>
    </p>

    <p class='ocr_par' dir='ltr' id='par_1_10' title="bbox 177 4713 1242 4796">
     <span class='ocr_line' id='line_1_32' title="bbox 177 4713 1242 4796; baseline 0.009 -21"><span class='ocrx_word' id='word_1_220' title='bbox 177 4713 222 4782; x_wconf 75' lang='lat'>¹⁴)</span> <span class='ocrx_word' id='word_1_221' title='bbox 233 4717 295 4776; x_wconf 75' lang='lat' dir='ltr'>uu</span> <span class='ocrx_word' id='word_1_222' title='bbox 307 4719 437 4794; x_wconf 81' lang='lat' dir='ltr'>ogykoru</span> <span class='ocrx_word' id='word_1_223' title='bbox 446 4721 502 4778; x_wconf 73' lang='lat' dir='ltr'>ken</span> <span class='ocrx_word' id='word_1_224' title='bbox 512 4739 582 4779; x_wconf 81' lang='lat' dir='ltr'>ozon</span> <span class='ocrx_word' id='word_1_225' title='bbox 592 4724 641 4779; x_wconf 80' lang='lat' dir='ltr'>azo</span> <span class='ocrx_word' id='word_1_226' title='bbox 651 4723 763 4796; x_wconf 79' lang='lat' dir='ltr'>helyett</span> <span class='ocrx_word' id='word_1_227' title='bbox 774 4723 994 4796; x_wconf 64' lang='lat' dir='ltr'>„Braniobewm</span> <span class='ocrx_word' id='word_1_228' title='bbox 1007 4725 1242 4795; x_wconf 77' lang='lat' dir='ltr'>Branohoeaag·“</span> 
     </span>
    </p>
   </div>
   <div class='ocr_carea' id='block_1_10' title="bbox 0 0 1652 5208">
    <p class='ocr_par' dir='ltr' id='par_1_11' title="bbox 0 0 1652 5208">
     <span class='ocr_line' id='line_1_33' title="bbox 0 0 1652 5208; baseline 0 4"><span class='ocrx_word' id='word_1_229' title='bbox 0 0 1652 5208; x_wconf 95' lang='lat' dir='ltr'> </span> 
     </span>
    </p>
   </div>
  </div>
 </body>
</html>
