3248 5210
729 782 1063 890 (caninorum
1090 783 1215 890 xxr).

516 967 562 1044 In
582 969 702 1044 Roma
720 976 798 1044 siue
816 971 991 1066 Episcopo
1003 964 1038 1070 *)
1058 969 1244 1046 carebant.
1274 967 1326 1043 Et
1344 970 1532 1047 miserunt

410 1099 559 1174 litteras
577 1103 663 1196 post
673 1095 859 1171 Thomam
878 1094 1202 1196 archiepiscopum
1214 1094 1530 1194 Strigonieusem,

410 1231 452 1300 vt
468 1225 615 1300 veniret
632 1222 680 1298 ad
699 1221 960 1298 consciterium
980 1223 1122 1318 eligere
1141 1224 1297 1322 Papam.
1318 1223 1471 1300 Audens
1492 1231 1534 1300 et

410 1351 613 1450 perlegens
633 1345 1082 1447 epistolasOardinalium
1101 1347 1281 1426 Ladislao
1292 1350 1390 1447 Regi
1408 1351 1531 1426 intra-

293 1495 299 1505 ·
410 1480 468 1554 uit
485 1478 533 1554 ad
553 1476 716 1571 Bucam,
746 1483 784 1550 ct
802 1497 884 1550 cum
903 1498 947 1551 eo
965 1477 1142 1552 tractauit
1168 1478 1305 1572 mults,
1335 1477 1532 1574 quattinus

269 1605 273 1614 '
410 1606 553 1680 faceret
579 1602 914 1698 congregacionem
941 1603 1140 1700 priuatim,
1178 1627 1256 1680 sew
1282 1626 1420 1680 vocare
1447 1604 1531 1702 pri·

410 1731 525 1808 uatim
545 1736 752 1826 magnatos,
771 1728 834 1824 qui
854 1729 930 1805 iam
949 1736 1056 1805 erant
1073 1730 1240 1827 iuuenes,
1269 1738 1311 1805 vt
1328 1753 1410 1806 cum
1427 1730 1531 1805 scitu

409 1879 536 1936 corum
555 1857 713 1932 intraret
730 1855 779 1930 ad
789 1853 958 1952 Romam,
979 1856 1123 1954 Papam
1142 1857 1296 1952 eligere.
1317 1857 1401 1932 Rex
1419 1857 1530 1933 illico

410 1984 592 2084 epistolas
621 1983 724 2058 misit
751 1981 800 2056 ad
827 1981 1078 2058 Laurencium
1106 1983 1257 2079 ducem,
1288 1984 1378 2080 quia
1404 1981 1532 2062 adhuc

410 2113 584 2206 viuebat3
615 2117 652 2186 et
670 2109 719 2184 ad
737 2109 938 2185 secundum
957 2109 1196 2206 magnificum
1214 2109 1262 2184 ad
1280 2109 1532 2186 Themeswar

410 2236 642 2337 Stephanum
672 2236 822 2331 Batori;
860 2237 908 2312 ad
943 2237 1100 2334 tercium
1135 2235 1347 2336 vayuoolam
1383 2235 1531 2314 Trans·

410 2365 677 2443 siluaniensem
697 2363 724 2441 J
726 2363 839 2438 oanni
858 2361 1079 2462 Scepusieu.
1117 2363 1168 2438 Et
1186 2365 1243 2440 sic
1260 2363 1423 2459 singulis
1441 2387 1532 2463 pre·

409 2495 510 2591 cepit
536 2491 620 2567 Rex
647 2489 870 2586 Ladislaus,
906 2496 947 2564 vt
974 2491 1141 2586 veniret,
1179 2491 1331 2566 ettenim
1368 2491 1529 2567 arduum

409 2596 606 2715 negocium
625 2616 819 2694 haberent.
857 2615 909 2690 Et
924 2622 1110 2691 venerunt
1127 2615 1176 2690 ad
1194 2615 1349 2712 Budam,
1369 2617 1535 2713 quilibet

359 2725 361 2732 ⁸
410 2748 458 2823 ad
476 2746 624 2822 domum
643 2767 749 2820 suam
769 2743 972 2838 descendit,
994 2751 1031 2818 et
1049 2741 1212 2819 secundo
1223 2741 1284 2817 die
1293 2743 1533 2818 intrauerunt

409 2874 458 2952 ad
476 2873 620 2969 Regem
649 2871 689 2946 in
716 2871 888 2946 concilio.
945 2869 997 2944 Et
1024 2869 1192 2946 Thomas
1218 2869 1533 2967 archiepiscopus

411 3000 547 3078 sedens
566 3001 664 3075 inter
684 3021 770 3094 eos,
801 2998 891 3095 quia
919 2997 1002 3096 ipse
1029 2995 1105 3071 iam
1134 3003 1215 3072 erat
1238 2997 1364 3073 senior
1382 2995 1422 3071 in
1441 3018 1532 3071 con·

409 3127 498 3204 silio
526 3125 649 3220 Regis
685 3123 919 3220 Majestatis3
958 3129 996 3198 et
1033 3121 1305 3220 Strigouieusis
1342 3122 1531 3198 referauit

409 3249 642 3350 questionem
669 3272 796 3325 suam:
830 3247 964 3346 ,Quod
991 3271 1039 3323 ex
1066 3245 1141 3324 Dei
1169 3250 1300 3346 gracia
1320 3247 1441 3324 Roma
1469 3271 1533 3324 me

410 3378 564 3476 cupiunt
591 3399 676 3453 esse
705 3377 746 3452 in
765 3375 948 3452 electione
967 3375 1134 3474 papali.“
1184 3376 1236 3450 Et
1252 3375 1531 3473 responderunt

410 3512 605 3602 magnates
623 3503 800 3600 Hungari
823 3503 1070 3580 unanimiter:
1107 3503 1253 3600 ,Bene,
1283 3502 1332 3578 ad
1358 3509 1528 3579 nostram

410 3633 676 3730 Hungarorum
703 3631 858 3708 honoris
894 3637 931 3707 et
966 3629 1015 3706 ad
1051 3631 1326 3726 augmentum.“
1376 3629 1428 3705 Et
1455 3630 1529 3704 aitt

410 3759 705 3857 strigoniensis,
732 3766 909 3856 tanquam
935 3765 1044 3856 pater
1062 3757 1161 3834 inter
1189 3781 1255 3835 eos
1273 3758 1527 3834 constitueba-

408 3895 489 3984 tur,
526 3887 616 3984 quia
642 3887 901 3964 adolescentes
928 3893 1055 3962 crant:
1098 3885 1266 3982 ,Bonum
1293 3890 1460 3976 essetne,
1489 3886 1526 3962 si

410 4037 556 4091 crucem
574 4021 742 4090 sanctam
760 4021 949 4113 portarem
968 4013 1014 4089 de
1033 4012 1165 4107 Roma,
1190 4011 1289 4109 quod
1308 4011 1380 4088 erit
1397 4011 1525 4088 nouis·

410 4142 528 4218 simus
555 4141 815 4218 sanctissimus
843 4147 973 4218 contra
1001 4139 1148 4218 Turcas
1177 4161 1260 4215 cum
1297 4138 1527 4218 authoritate

409 4289 553 4346 summa
571 4267 892 4364 indulgenciamm
910 4289 1008 4366 pena
1026 4273 1064 4342 et
1082 4289 1106 4340 a
1123 4265 1269 4364 culpa.“
1293 4263 1526 4361 Quicumque

413 4395 607 4473 audientes
626 4403 821 4492 magnates
839 4395 1097 4472 adolescentes
1115 4393 1270 4472 insimul
1289 4393 1458 4488 olaman,
1486 4397 1527 4467 et

447 4703 472 4776 ⁸)
491 4701 557 4762 uss
575 4701 629 4760 isca
648 4701 720 4761 iltal
735 4701 851 4778 jevltva
871 4701 948 4774 ,sinc
966 4702 1070 4776 papst.
