3226 5220
422 525 501 620 230
569 533 574 564 <

423 749 459 819 et
479 735 659 815 ¹dixerunt
687 765 695 808 :
718 735 840 834 ·„Diw
858 733 1060 810 fuissemus
1084 733 1163 829 jam
1191 731 1229 805 in
1256 731 1364 806 Buda
1384 727 1449 833 (si)
1469 755 1547 807 non

422 865 637 965 scripsisset
664 863 809 938 nobis.“
851 859 915 934 Ait
951 879 1190 957 precursor:
1225 857 1334 954 „Non
1366 858 1546 950 credatis,

425 995 513 1094 quia
541 989 620 1068 Sua
648 988 831 1086 Majestas
860 985 1095 1084 exspectarit
1123 991 1162 1059 et
1190 991 1337 1083 spectat
1363 991 1546 1082 tauquam

423 1127 552 1221 patres
580 1124 617 1190 et
645 1112 827 1212 prophete
855 1111 894 1186 in
922 1110 1071 1185 limbo.“
1114 1110 1164 1184 Et
1192 1133 1212 1185 e
1241 1133 1425 1188 conuerso
1456 1135 1546 1188 mox

424 1246 495 1346 ipsi
514 1241 711 1341 epistolam
730 1237 848 1334 Regis
868 1237 893 1314 J
895 1237 1028 1312 oannis
1046 1236 1189 1334 sapien.
1210 1237 1248 1310 in
1267 1238 1545 1331 manibussuis,

425 1379 462 1447 et
489 1368 669 1445 dederunt
698 1367 737 1440 in
765 1387 876 1438 manu
904 1362 1146 1460 precursoris.
1178 1361 1300 1454 Quum
1328 1363 1491 1459 legisset
1509 1377 1546 1438 et

426 1495 695 1585 intellexisset,
726 1491 950 1583 mirabatur3
980 1487 1073 1563 dixit
1090 1511 1317 1586 precursor:
1343 1488 1433 1586 „Nil
1452 1489 1545 1566 mihi

425 1625 513 1724 plus
539 1621 675 1697 donum
704 1625 875 1717 spectoa
902 1615 1028 1710 vobis,
1059 1616 1284 1691 solummodo
1311 1617 1435 1714 ipsam
1465 1619 1544 1717 epi-

426 1751 582 1844 stolam,
621 1755 661 1822 vt
698 1746 858 1823 referam
893 1743 940 1818 ad
967 1741 1109 1839 Regem
1146 1742 1419 1841 Majestntem.“
1463 1744 1544 1843 Ipsi

424 1877 670 1973 neglexerunt
706 1871 814 1964 dare,
854 1891 1110 1968 precursorem
1146 1879 1387 1948 resumerent
1418 1871 1545 1946 idest

427 1995 676 2094 (leuauerant,
697 2006 734 2073 et
751 1981 978 2074 relacionem
997 1997 1164 2072 feceruut
1180 1997 1250 2072 tali
1269 1997 1374 2073 modo
1395 2023 1403 2070 :
1430 1995 1544 2093 „Jam

426 2155 493 2208 nos
514 2153 585 2206 non
603 2148 802 2226 possumus
829 2125 1047 2200 bellicosam
1074 2131 1233 2200 turmam
1261 2124 1421 2219 habere,
1453 2125 1544 2222 qnia

421 2260 500 2355 jam
535 2263 683 2354 tempus
720 2251 865 2327 iemalis
902 2249 1054 2326 aduenit
1091 2259 1284 2346 atumnus3
1322 2273 1410 2346 crgo
1450 2251 1544 2327 abiit

425 2390 591 2482 tempus,
624 2379 779 2458 recessit
806 2384 918 2454 estas.
949 2375 1024 2452 Sed
1043 2376 1092 2452 ad
1110 2377 1272 2452 sonuum
1301 2400 1438 2452 annum
1462 2380 1540 2475 jam

425 2509 621 2609 pervenire
649 2507 856 2606 possimus,
885 2505 1014 2581 libenti
1044 2505 1167 2581 animo
1197 2505 1369 2581 volumus
1396 2505 1541 2581 seruire

426 2637 544 2733 Regio
572 2633 787 2733 Majestatis
815 2629 912 2728 Sue3
940 2632 979 2706 in
1006 2653 1133 2708 mense
1161 2629 1284 2730 Aprili
1311 2632 1450 2708 bonnm
1469 2633 1542 2708 erit

425 2763 604 2839 bellare.“
638 2762 690 2836 Et
717 2765 872 2835 venerat
899 2781 1095 2860 precursor
1123 2757 1171 2832 ad
1198 2757 1406 2852 Temeno,
1427 2760 1541 2834 etsie

425 2912 622 2990 precursor
641 2886 872 2984 legacionem
891 2907 997 2961 suam
1016 2885 1275 2961 declarauerat
1293 2884 1338 2959 de
1357 2892 1474 2982 ponto
1494 2885 1540 2960 ad

426 3023 599 3115 pontum,
629 3023 666 3090 et
693 3013 774 3088 Rex
803 3011 949 3087 audien.
970 3020 1008 3087 et
1025 3035 1094 3087 nos
1123 3011 1226 3087 illico
1255 3033 1392 3108 magno
1411 3033 1539 3091 errore

427 3143 626 3220 dubietatis
653 3143 803 3218 fuimus.
833 3141 981 3240 Pauper
1015 3141 1097 3216 Rex
1125 3163 1199 3216 non
1226 3147 1372 3239 poterat
1399 3139 1539 3218 intelli-

426 3291 516 3368 gere
533 3269 630 3346 hsnc
650 3269 847 3366 epistolam
866 3290 933 3365 per
952 3268 1153 3367 practicam
1172 3264 1268 3342 vnde
1285 3265 1431 3342 luisset.

707 3552 1039 3658 (oxrrnunun
1072 3553 1251 3659 nxvn).

532 3772 620 3850 Jem
640 3772 722 3848 Rex
741 3795 876 3870 magno
895 3795 1039 3850 merore
1058 3772 1199 3849 doloris
1217 3781 1297 3850 erat
1322 3773 1361 3849 in
1381 3773 1482 3868 dies,
1503 3783 1539 3849 et

428 3900 561 3975 iterum
586 3897 771 3976 loannem
800 3897 970 3974 Fekethe
1008 3898 1089 3974 Rex
1118 3921 1254 3974 vocare
1283 3899 1371 3974 fecit
1397 3899 1443 3975 de
1473 3901 1536 3975 ho-

427 4026 545 4124 spicio
564 4047 642 4102 sno.
664 4024 772 4101 Dixit
790 4025 854 4100 ei:
880 4025 1069 4122 „loannes
1087 4023 1278 4101 Fekethe!
1300 4027 1438 4120 statim,
1460 4035 1535 4104 ste-

425 4153 491 4228 tim
509 4153 591 4229 sine
609 4175 713 4227 mora
731 4175 837 4230 curre
857 4153 904 4228 ad
923 4153 1130 4230 'Parcarum
1150 4150 1340 4248 Cesaram,
1361 4153 1535 4252 quiajam

427 4301 659 4380 nequaquam
678 4303 830 4378 possum
849 4281 953 4358 abire
972 4279 1137 4356 'Puroum
1155 4278 1370 4357 Oesarem.“
1394 4281 1445 4356 Et
1466 4282 1532 4359 Jo-

427 4428 544 4484 annes
562 4405 733 4483 Fekethe
762 4405 966 4506 Hungarus
993 4429 1154 4507 paruus,
1184 4405 1346 4484 Sciticus
1373 4409 1412 4484 in
1440 4411 1536 4486 faeie

427 4533 524 4631 nigri
544 4533 736 4611 coloris'et
755 4534 864 4610 valde
882 4541 1027 4611 astutus
1045 4535 1084 4610 in
1103 4534 1311 4612 rusticitate
1329 4556 1418 4629 sua,
1448 4539 1537 4633 quia

428 4657 528 4734 ruslis
547 4665 605 4735 est
623 4657 662 4733 in
681 4657 777 4736 scitu
796 4659 919 4736 littere
938 4666 1101 4736 onumen
1120 4661 1284 4757 vigilans
1312 4669 1349 4737 et
1376 4664 1534 4740 blandus

428 4783 467 4860 in
485 4807 666 4860 sermone.
688 4785 739 4861 Et
757 4787 881 4863 statim
900 4785 1055 4864 diuersit
1073 4809 1114 4864 sc
1133 4787 1277 4864 iterum.
