3238 5228
1130 475 1206 552 aar
1268 573 1273 589 ἱ

109 691 272 768 resperas
312 671 410 746 ducti
445 673 594 748 inerant
633 678 680 748 ad
709 673 981 770 sepelliendum
1008 675 1077 750 sub
1106 675 1209 752 vrbis

108 795 235 872 Buden.
256 797 294 872 in
313 799 455 884 sacello
475 799 603 875 Sancti
623 799 823 876 Michaelis
841 799 1091 896 archangelis.

386 1083 719 1186 (osrrnuuun
748 1087 911 1190 xcru).

201 1300 249 1376 Et
273 1302 330 1378 sic
357 1303 534 1380 terciario
563 1305 734 1382 dominus
761 1307 990 1400 gubernator
1016 1305 1209 1382 transmis-

106 1447 159 1500 sus
177 1436 258 1503 erat
276 1428 315 1503 in
336 1429 567 1526 legacionem
596 1431 642 1506 de
671 1431 777 1528 Rege
790 1411 792 1419 ¹
805 1431 966 1508 Joannis
994 1454 1085 1526 erga
1113 1429 1209 1506 Tur-

106 1573 219 1628 carum
248 1553 438 1632 Cesaram.
470 1559 520 1632 itt
539 1581 562 1634 a
582 1557 820 1654 Fegwernek
838 1581 904 1654 per
923 1581 1058 1654 aquam
1077 1555 1210 1632 Tbicie

106 1677 189 1754 eitra
206 1683 469 1779 remigauerat,
491 1693 528 1758 et
547 1685 595 1760 ad
613 1685 858 1778 Debrechen3
880 1692 916 1759 et
930 1683 975 1758 de
986 1683 1210 1760 Debrechen

106 1803 146 1879 ad
163 1807 317 1884 Warad.
338 1811 390 1884 lit
408 1812 480 1887 iste
499 1813 596 1888 latro
617 1811 728 1910 Docy
738 1811 907 1890 ioannes
926 1810 1113 1906 dirigebat
1129 1830 1211 1886 eum

20 1999 22 2020 ,
106 1931 192 2024 sicut
210 1957 307 2012 unus
326 1935 463 2034 Satan,
486 1947 522 2012 et
542 1937 722 2037 Battyani
741 1938 939 2020 Vrbauus,
969 1945 1006 2012 et
1025 1937 1091 2012 alii
1110 1937 1211 2012 simi·

107 2056 193 2136 liter.
213 2059 290 2136 Per
310 2061 432 2159 villas,
455 2071 492 2138 et
509 2087 576 2162 per
596 2063 737 2162 opidos,
757 2087 802 2138 ac
822 2064 1081 2162 pernicitates
1101 2064 1214 2138 multa

106 2193 237 2286 stupra
264 2197 301 2263 et
329 2193 561 2286 peragebant
589 2191 626 2265 in
657 2191 854 2266 itineribus
881 2191 980 2284 uris,
1009 2213 1080 2288 qne
1109 2191 1215 2266 Deus

106 2311 303 2390 altissimus
322 2316 467 2392 demum
495 2340 568 2393 non
597 2316 716 2414 patuit
735 2316 810 2410 eis,
841 2317 886 2392 de
907 2324 1131 2416 qnopostra
1148 2341 1213 2392 su-

106 2437 250 2518 demus.

202 2565 294 2643 Inde
331 2569 414 2646 Rex
441 2571 610 2647 «loannes
648 2569 894 2646 descenderat
921 2569 965 2644 de
997 2569 1104 2644 Buda
1131 2593 1212 2650 cum

107 2690 268 2791 dominis,
289 2703 327 2770 et
344 2695 445 2774 lilius
464 2696 603 2772 domini
621 2695 883 2800 gubernatoris
903 2695 1050 2770 nomine
1068 2694 1212 2772 Antho-

108 2817 199 2914 nins‚
220 2821 284 2919 qui
304 2829 385 2896 erat
405 2823 566 2920 optimus
586 2821 806 2899 adolescens
825 2805 871 2895 ae
888 2821 1045 2916 gracilis
1065 2829 1156 2916 erat,
1177 2829 1215 2896 et

107 2941 215 3042 ipsum
245 2955 550 3025 remunerauerat
577 2948 660 3022 Rex
689 2947 811 3024 Jauus
838 2969 921 3023 cum
950 2970 1022 3022 vno
1042 2969 1135 3043 equo
1154 2970 1213 3022 ee·

20 3147 22 3158 ,
107 3073 192 3170 spite
228 3097 342 3172 quarn
378 3049 633 3172 prevaluisset
669 3075 911 3169 sexingentos
948 3073 1131 3169 florenos,
1162 3075 1213 3148 ita

20 3177 22 3202 ’
108 3203 293 3278 asserebat
310 3199 392 3276 Rex
412 3200 492 3276 Sua
512 3200 706 3298 Majestas.
736 3201 786 3274 Et
805 3201 921 3274 mouit
939 3223 1023 3276 sese
1043 3200 1126 3276 Rex
1146 3201 1213 3278 Jo-

108 3347 215 3405 annes
233 3329 283 3404 ad
302 3327 705 3426 Quinque-Ecclesiam,
737 3335 774 3402 et
799 3328 851 3403 ibi
880 3328 1061 3402 solacium
1086 3328 1215 3404 habuit

109 3475 208 3550 quam
228 3479 340 3532 vuam
368 3478 543 3532 mensem.
574 3454 623 3528 Et
641 3454 758 3528 Turci
787 3453 892 3528 multi
912 3461 1019 3528 eraut
1036 3475 1115 3529 cum
1137 3453 1214 3528 filio

111 3579 229 3678 britti,
250 3591 354 3660 etex
374 3591 481 3680 parte
500 3583 665 3679 ipsorum
686 3581 1072 3676 multa-querimonias
1090 3582 1215 3656 venie·

111 3707 166 3784 bat
193 3711 295 3788 circa
314 3709 501 3806 Regem..
522 3709 630 3786 Fleu.
661 3717 828 3785 matrone
847 3733 890 3782 ac
918 3709 1100 3806 epulan,
1128 3727 1215 3806 qne-

20 3861 21 3932 3
110 3833 183 3912 mm
201 3837 323 3932 filios,
353 3839 510 3934 quedam
534 3837 652 3930 filias;
673 3843 710 3910 et
729 3835 813 3910 Rex
833 3835 886 3908 nil
905 3837 1072 3910 inibebat
1092 3834 1215 3911 Thur-

111 3957 171 4038 lros
196 3973 354 4064 propter
381 3964 622 4040 seruieiorum
661 3984 808 4038 suorum
848 3961 1009 4056 Buden.‚
1040 3961 1215 4059 precipue

112 4099 252 4190 propter
270 4093 532 4188 gubernatore.
568 4091 727 4192 Domum
748 4089 885 4164 ciuitas
902 4097 1116 4164 surrexerat
1134 4111 1215 4163 cnm

111 4221 257 4318 strepitu
278 4243 431 4316 magno,
451 4227 489 4294 et
509 4219 556 4294 ad
575 4218 719 4312 Regem
739 4217 917 4294 miserant
930 4217 1099 4311 'legatum
1118 4216 1214 4290 idem

113 4341 143 4416 in
164 4348 334 4444 ciuitate,
364 4347 462 4444 quod
489 4347 524 4424 si
543 4345 621 4422 Sua
649 4345 832 4442 Majostas
860 4368 987 4420 curam
1006 4367 1080 4420 non
1104 4345 1213 4440 gerit,

20 4545 22 4556 ,
101 4479 235 4550 extunc
253 4481 410 4575 propter
427 4497 474 4550 ea
492 4494 561 4549 nos
588 4493 761 4548 curamus
781 4470 937 4566 agrum.
958 4467 1040 4546 Rex
1069 4469 1214 4546 audien.

113 4601 176 4674 lam
194 4624 375 4678 summam
395 4599 685 4698 querimoniam,
707 4599 891 4674 commisit
904 4595 1019 4694 judici
1039 4597 1213 4692 ciuitatis,

20 4807 22 4840 Ἡ
114 4731 146 4794 rt
161 4726 252 4804 irent
280 4727 329 4804 ad
357 4727 472 4802 filium
500 4725 763 4822 gubernatoris
793 4723 1039 4908 Anthoniprln,
1068 4731 1104 4798 et
1134 4724 1214 4822 ipso

159 4869 239 4908 lviv!
265 4871 330 4908 ΗΜ·
355 4869 361 4906 l
