3294 5208
383 318 438 396 40

384 519 507 617 ulgus
535 505 787 614 hungarorum
815 515 1009 613 sepissime
1039 517 1251 594 clamabant
1279 516 1508 617 Oristopho-

384 666 465 718 rum
484 641 614 718 ducem
632 643 712 717 iore
730 642 769 716 in
788 640 931 738 Regem
950 641 1156 736 Hungarie.
1177 641 1259 718 Hec
1278 645 1510 722 iamavalde

385 771 538 866 vigebat
564 769 661 844 inter
680 770 833 844 colonos
862 766 1138 864 Hungarorum.
1170 769 1333 846 Ducissa
1351 771 1508 868 quidem

386 920 475 996 sepe
495 897 643 972 solebat
661 895 708 970 ad
728 895 872 970 Budam
898 919 966 994 pro
996 898 1219 972 necessitate
1247 897 1509 994 prouissorem

386 1046 492 1102 sunm
520 1023 660 1119 eligere
689 1023 902 1114 Emericnm
930 1021 1096 1097 Therek.
1128 1021 1250 1113 Quum
1278 1033 1396 1098 mater
1423 1024 1507 1100 Lu-

387 1151 508 1228 douici
527 1149 646 1245 Regis
665 1151 845 1225 sensisset
874 1151 1052 1224 faetorem
1072 1151 1151 1224 fore
1171 1151 1209 1222 in
1228 1147 1336 1226 Buda
1355 1151 1507 1226 Emeri-

388 1300 470 1352 cum
490 1275 657 1370 Therek,
680 1270 829 1370 Regina
849 1275 1042 1372 Hnngarie
1062 1277 1150 1351 fecit
1170 1299 1251 1352 eum
1272 1278 1433 1354 invitare
1454 1279 1511 1354 ad

387 1403 593 1502 prandium,
614 1408 755 1502 etpost
772 1404 968 1480 brandium
987 1402 1509 1502 ReginaincepitEmericum

388 1530 614 1624 inuestigare
644 1528 688 1602 de
717 1531 843 1626 pueris
875 1530 1035 1606 Joannis
1063 1527 1236 1624 Coruini,
1267 1539 1304 1605 et
1323 1531 1368 1606 de
1387 1554 1508 1608 vxore

391 1680 477 1750 sua3
505 1664 546 1730 vt
575 1656 756 1752 quomodo
776 1657 939 1750 uiueret,
966 1665 1003 1730 et
1016 1659 1167 1753 juucnis
1186 1657 1367 1753 quomodo
1386 1659 1424 1732 in
1443 1683 1508 1734 sa-

390 1784 504 1858 nitate
525 1789 750 1858 nasceretur.
781 1781 926 1880 Incepit
955 1783 1148 1858 Emericus
1177 1783 1330 1858 Therek
1359 1784 1509 1880 Regino

391 1909 628 1986 diversimodi
655 1910 826 1984 fabulare
856 1910 900 1983 de
924 1911 1125 2005 junonibus
1154 1909 1337 1986 Cornni:
1372 1911 1508 2008 „Quod

391 2038 424 2114 si
444 2037 548 2112 Deus
577 2058 642 2110 eos
670 2057 893 2110 conseruare
921 2035 1094 2130 dignetur
1121 2057 1209 2108 vere
1240 2044 1346 2110 erunt
1373 2043 1507 2134 poten-

390 2163 544 2256 tissimi;
564 2161 739 2258 precipue
760 2159 1304 2259 Gristolerusduxappellatur,
1327 2171 1365 2236 et
1383 2165 1508 2262 ulgus

394 2289 658 2385 Hungarorum
687 2288 797 2361 nimis
816 2295 946 2384 optant
970 2288 1017 2362 ad
1036 2288 1307 2383 Regietatem.“
1342 2291 1393 2364 Et
1418 2299 1509 2366 tune

392 2417 445 2490 ait
472 2415 622 2510 Regina
661 2413 855 2508 Hungarie
887 2441 895 2486 :
930 2413 1089 2510 „Filium
1129 2438 1248 2489 meum
1277 2415 1508 2492 Ludouioum

394 2542 567 2638 Hungari
596 2564 668 2639 quo
699 2542 828 2616 volunt
857 2542 1032 2618 habere.“
1074 2543 1282 2640 Respondit
1311 2545 1509 2622 Emericus

395 2667 550 2745 Therek
572 2697 579 2742 ε
605 2667 717 2763 „Tali
736 2669 854 2744 forma
875 2669 1148 2745 contentabitur
1166 2669 1266 2745 filius
1285 2679 1391 2760 tuus,
1412 2672 1510 2747 sicut

395 2797 564 2872 dominus
599 2819 702 2871 rncus
736 2797 905 2872 Joarrnes
945 2795 1131 2871 Coruinus
1166 2797 1251 2872 dum
1285 2799 1436 2874 virebat
1470 2799 1510 2872 in

395 2923 492 2998 hunc
512 2922 721 2997 nrurrdunr.“
755 2923 861 2997 Dixit
880 2922 1026 3018 Regina
1048 2951 1055 2996 :
1082 2921 1239 3017 „Audin
1260 2933 1296 2996 et
1316 2925 1410 3016 scio,
1431 2947 1510 3000 ma-

396 3049 530 3146 gnifice
560 3048 741 3123 bonoran.
772 3047 962 3133 limerice,
994 3055 1124 3143 rogote
1143 3055 1202 3136 te,
1233 3057 1271 3121 rt
1291 3072 1336 3121 ne
1356 3049 1513 3124 festines

397 3177 467 3251 cito
494 3175 537 3250 de
563 3175 712 3248 ciuitate
742 3173 906 3249 Budensi
935 3183 1082 3266 nostre3
1110 3176 1221 3248 etiam
1241 3177 1293 3250 sis
1314 3175 1361 3248 ad
1380 3176 1511 3249 crasti-

396 3325 482 3379 num
512 3302 610 3402 apud
640 3325 696 3376 uno
728 3301 774 3376 ad
802 3302 994 3378 brandium
1027 3311 1064 3376 et
1088 3303 1241 3401 insuper
1266 3303 1411 3378 donabo
1432 3305 1507 3377 te.“

396 3431 533 3506 Factor
563 3429 755 3504 Emensus
797 3429 940 3504 ducisse
980 3429 1047 3502 iuit
1084 3430 1131 3502 ad
1169 3429 1388 3525 hospicium.
1418 3429 1511 3504 Inde

397 3557 543 3652 Regina
568 3555 656 3630 feeit
675 3579 807 3630 vocare
828 3555 1058 3653 Stephanum
1078 3556 1352 3631 tlrenaurariurn
1372 3565 1407 3630 et
1427 3553 1509 3631 Ste-
1533 3649 1536 3654 Ι

397 3682 561 3782 phanum
582 3679 1068 3776 BatoracStrigoniensem.
1091 3679 1229 3756 Coacte
1246 3681 1513 3758 consiliabatur

399 3811 446 3884 ab
472 3809 543 3901 eis,
570 3807 676 3880 etde
704 3807 789 3882 aliis
813 3805 984 3883 fidelibus
1010 3807 1088 3882 suis
1113 3805 1280 3901 circiter;
1307 3815 1343 3882 et
1362 3809 1514 3906 aiebant

399 3935 563 4031 Regino:
589 3934 993 4030 „VeretuaReginalis
1008 3915 1205 4032 'Majestaa
1227 3943 1326 4009 certe
1345 3943 1381 4008 te
1401 3935 1512 4029 scias,

400 4062 497 4160 quod
521 4063 752 4138 somniantur
780 4059 998 4138 Comitatus
1027 4060 1289 4157 Hungarorom
1319 4061 1365 4136 de
1395 4085 1512 4160 puero

402 4186 485 4264 duci
506 4187 695 4286 Oristoph.
718 4185 792 4262 Sed
811 4211 893 4263 oum
913 4189 1066 4264 officiali
1086 4189 1335 4264 suoEmerioo
1356 4187 1511 4263 Therek

402 4337 511 4412 quam
530 4313 694 4390 studiose
713 4321 838 4412 potes,
859 4313 1044 4390 decretum
1071 4315 1213 4391 habeas
1232 4337 1314 4391 conr
1335 4337 1399 4410 co;
1426 4316 1512 4413 quia

399 4447 437 4516 et
465 4463 534 4517 nos
563 4439 795 4540 premeditati
820 4442 983 4517 sumus.“
1019 4441 1141 4516 Mater
1172 4439 1371 4536 Lodovioi,
1404 4463 1512 4539 quam

403 4569 523 4666 potnit
541 4573 700 4642 mentem
719 4587 824 4642 suam
846 4566 892 4642 od
911 4567 1137 4642 intellectum
1157 4566 1294 4662 injecit.
1316 4567 1421 4642 Fecit
1439 4565 1512 4642 Re·
