3248 5210
1190 429 1243 508 87

119 629 250 722 Quum
271 630 352 724 jam
380 625 565 704 Jaoobum
584 626 633 703 ad
651 621 861 724 hosp'ioium
888 649 996 707 suum
1025 629 1084 704 sui
1105 627 1244 706 milites

118 757 375 856 explorasset,
396 761 435 830 et
444 755 482 830 in
492 755 715 833 Zombathel
733 755 895 834 habebat
913 756 1242 856 hospiciumsuum

117 884 225 984 apud
244 881 475 982 Stephanum
504 882 695 982 Ohaplar3
725 889 862 960 extunc
886 883 1072 960 Melehior
1091 882 1240 960 Litera·

118 1019 187 1088 tus
206 1033 295 1088 suus
322 1010 490 1088 notorius
518 1017 757 1110 spectauerat
784 1011 824 1086 in
851 1010 1041 1110 hospicio,
1069 1011 1244 1110 protullit

118 1139 200 1216 subi
221 1139 262 1212 in
285 1138 458 1214 manibus
485 1161 660 1234 magnum
688 1160 843 1214 aureum
872 1138 1025 1213 anulum
1042 1139 1241 1237 sculptum,

120 1273 161 1340 et
182 1285 306 1340 oetam
326 1271 364 1340 et
381 1265 514 1343 literas
541 1267 679 1342 multas
705 1265 847 1361 ligatas
875 1264 1045 1360 insimul,
1071 1271 1110 1339 et
1127 1263 1241 1342 dixit:

124 1389 353 1486 „Mngnifiee
374 1389 528 1486 ,domine
557 1391 627 1486 mi,
657 1389 827 1468 dominus
850 1392 1042 1491 palatinus
1060 1412 1165 1468 meus
1182 1415 1242 1470 ro·

120 1525 195 1614 gat
219 1515 534 1612 magnifioentiam
577 1523 763 1612 vestram,
801 1523 842 1592 vt
867 1517 1034 1616 propriis
1070 1517 1244 1595 manibus

122 1643 264 1720 restris
281 1642 429 1740 ponetis
448 1641 646 1740 septimum
665 1642 832 1738 sigillum
851 1642 899 1718 ad
918 1665 1162 1720 consensuum
1181 1668 1242 1721 eo·

125 1771 297 1846 mitatum
324 1768 521 1863 vernone,
541 1779 582 1843 vt
600 1769 761 1844 libenter
788 1776 969 1866 erigerent
996 1793 1167 1847 oenssum
1195 1773 1244 1848 ab

124 1897 241 1973 illis.“
264 1893 433 1992 Cumque
451 1893 609 1972 vidisset
626 1895 794 1972 Jaoobus
813 1894 970 1996 Bantly‚
992 1896 1116 1972 iuerat
1133 1897 1244 1974 valde

126 2025 301 2118 vinosus,
326 2023 452 2122 rapuit
471 2023 516 2098 de
535 2023 706 2100 manibus
726 2021 946 2100 Melobioris
965 2025 1117 2101 anulum
1136 2047 1243 2102 aure·

127 2175 205 2244 um,
225 2159 264 2226 et
281 2173 368 2226 eera
381 2152 462 2247 jam
481 2149 646 2248 aplieata
664 2155 702 2224 et
720 2149 769 2224 ad
786 2151 979 2249 papirom3
1000 2158 1038 2227 et
1055 2174 1142 2228 mox
1160 2175 1244 2229 eum

126 2281 260 2374 lingua
277 2299 346 2353 sua
365 2276 496 2370 linuit,
516 2283 554 2350 et
572 2276 740 2372 sigillum
759 2275 807 2352 ad
826 2300 951 2352 oeram
979 2277 1117 2376 posuit.
1147 2278 1243 2356 llel·

127 2406 234 2482 clrior
261 2403 452 2482 Literatus
478 2403 652 2479 celeriter
681 2404 843 2480 oueurrit
861 2404 910 2479 ad
929 2404 1117 2480 dominum
1135 2428 1244 2482 suum

128 2532 356 2632 palatinum3
386 2537 424 2605 et
451 2530 697 2626 interogauit‚
728 2531 761 2606 si
790 2553 871 2606 eum
900 2532 1033 2628 lingna
1058 2533 1243 2610 liniasset.

128 2661 197 2734 sit
211 2659 377 2734 notarius
396 2680 488 2734 suus
507 2657 692 2734 Melehior
711 2685 720 2732 :
745 2658 901 2754 „Eoiam
920 2657 1103 2735 domine.“
1134 2660 1246 2736 Dixit
1287 2675 1293 2684 '

132 2787 317 2884 palatinus
337 2813 346 2860 :
370 2785 497 2884 „Bene
517 2785 610 2860 est.“
643 2783 735 2859 Inde
753 2791 840 2883 post
858 2807 973 2861 unam
992 2786 1123 2862 horam
1141 2785 1243 2862 dedit

132 2935 176 2988 se
192 2911 355 2989 Jaoobus
384 2911 521 3010 Banffy
540 2909 588 2984 ad
602 2909 801 3007 jacendum
820 2911 977 3006 loetum,
998 2918 1036 2986 et
1052 2912 1241 3012 preoepit:

138 3038 211 3134 „Vt
235 3039 359 3116 statim
377 3039 423 3114 de
443 3037 559 3113 Buda'
578 3057 777 3132 exeamus3
806 3038 896 3134 quia
918 3039 1050 3116 'statim
1078 3061 1149 3136 ego
1163 3041 1243 3140 jam

136 3167 301 3242 morior.“
333 3165 385 3240 Et
411 3165 515 3269 illioo
552 3165 691 3240 milites
719 3165 797 3240 suis
835 3171 1091 3264 apposuerunt
1127 3189 1242 3266 super

136 3293 347 3390 quadrigam
365 3299 404 3368 et
421 3291 466 3366 de
486 3291 594 3367 Buda
612 3291 874 3388 equitaueruut
893 3293 1005 3388 juxta
1023 3291 1242 3371 Danubium

138 3418 197 3494 dui
215 3419 470 3516 Ewraigheth.
500 3419 551 3494 Et
569 3419 705 3495 melius
723 3439 907 3493 venenum
926 3419 1048 3516 ipsum
1066 3427 1241 3518 penetra-

138 3548 207 3640 uit,
225 3555 261 3624 et
278 3548 352 3624 oito
371 3569 485 3645 super
512 3568 628 3643 equos
657 3551 694 3620 et
721 3545 941 3642 quadrigam
969 3553 1139 3643 egrotum
1167 3546 1242 3622 iam
1319 3627 1321 3632 ,

139 3680 402 3774 apposuerunt,
422 3673 512 3770 quia
529 3672 702 3749 viderunt
719 3671 909 3748 sufflatum
927 3693 1063 3771 eorpus
1081 3673 1126 3749 de
1145 3671 1242 3748 diem

139 3802 176 3876 in
191 3801 257 3880 die.
278 3803 329 3877 Et
348 3809 431 3878 erat
448 3801 487 3874 iu
505 3798 681 3876 Octobris
700 3800 738 3874 in
756 3800 923 3901 profesto
943 3797 1073 3874 Sanoti
1091 3796 1242 3875 Andree

140 3930 302 4026 apostoli.
336 3929 388 4004 Et
416 3927 474 4014 ad¹
492 3925 678 4002 Verwohe
715 3925 900 4002 duxerunt
936 3947 1021 4000 eum
1053 3926 1108 4000 ita
1134 3924 1240 4022 adeo,

138 4056 227 4152 quod
243 4081 316 4134 non
335 4061 508 4154 poterant
525 4052 653 4130 videre
665 4053 902 4152 jamooulum
912 4073 1031 4146 soum,
1051 4051 1106 4127 ita
1123 4056 1240 4128 tume-

137 4185 263 4260 isetum
290 4188 393 4279 erat3
424 4187 461 4258 et
487 4182 620 4277 lingua
647 4181 730 4278 ejus
754 4179 895 4255 findata
913 4183 1015 4274 erat,
1034 4201 1105 4254 nee
1121 4179 1243 4276 potuit

137 4312 401 4388 eonfessionem
429 4311 566 4386 faeere.
596 4307 648 4382 Et
676 4308 878 4384 dioebant:
903 4303 1001 4402 „Hie
1019 4311 1077 4382 est
1094 4304 1241 4382 domine

138 4437 304 4517 Budensa
323 4437 576 4534 gentooulum.
605 4435 687 4511 Nos
705 4433 953 4510 sordebamus
971 4437 1028 4524 te,
1049 4429 1148 4528 quod
1164 4454 1241 4508 non

136 4563 322 4644 debuisses
350 4563 418 4642 tibi
437 4565 477 4640 in
497 4562 641 4639 Budam
663 4585 732 4662 pro
761 4559 890 4660 spaoio
916 4557 1008 4636 ire.“
1041 4555 1141 4651 Quia
1159 4557 1240 4636 lla·

135 4691 227 4774 tlias
243 4691 422 4772 Bossuals
439 4691 594 4769 timebat
603 4711 687 4768 eum
696 4693 848 4790 propter
858 4687 940 4782 hoo,
957 4673 1059 4786 qbou
1075 4685 1239 4786 adquam
