3248 5210
406 479 483 558 110

537 677 702 753 Mehmot
728 677 804 754 bak
832 677 1051 775 tempestiuo
1090 679 1291 754 ouourebot
1317 677 1366 754 ad
1394 702 1522 756 aroem

402 805 793 910 Nandor-Albensem.
830 802 938 895 Quod
965 805 1159 882 audientes
1196 805 1312 882 Turoi
1341 813 1379 880 et
1405 809 1521 884 barse

405 931 766 1008 Nonum-Albenses
795 931 1059 1028 protullerunt,
1089 931 1186 1028 quod
1206 931 1348 1008 Perhat
1365 931 1525 1009 delusus

404 1062 537 1137 fnisset
564 1083 632 1159 per
658 1059 882 1155 Hungaros3
912 1059 978 1134 alii
1007 1059 1189 1156 extirpari.
1223 1065 1422 1154 venerunt,
1450 1057 1523 1135 sed

402 1187 543 1263 Perhat
561 1210 635 1264 non
653 1186 873 1283 comparuit.
904 1185 1025 1262 Bassa
1054 1186 1203 1260 interim
1232 1186 1521 1283 pertinuerat,

401 1313 498 1408 quod
517 1311 670 1388 Cosanis
690 1332 851 1408 sponsus
870 1317 1092 1406 ewagassot.
1118 1310 1227 1388 Vnus
1247 1309 1395 1386 anous
1414 1317 1520 1386 usta-

400 1441 466 1516 bat
484 1463 610 1516 eoram
627 1439 759 1532 basso,
779 1437 834 1512 ait
853 1463 862 1510 ε
887 1436 1072 1534 „Domine
1090 1437 1160 1532 mi,
1181 1459 1251 1533 ego
1271 1439 1335 1514 vbi
1354 1444 1431 1532 est,
1450 1461 1521 1512 ne·

400 1567 470 1643 scit
490 1589 561 1662 quo
581 1558 713 1660 radat,
734 1571 772 1638 et
789 1563 908 1639 uosoit
928 1587 999 1660 quo
1019 1564 1167 1660 veniat,
1189 1563 1277 1662 quia
1295 1565 1365 1641 sub
1385 1566 1524 1640 vmbra

401 1715 476 1766 vna
493 1693 581 1768 vitis
599 1691 773 1768 subaudit
791 1698 828 1764 ot
841 1691 980 1787 jaoet.“
1004 1691 1056 1765 Et
1072 1691 1144 1766 iste
1164 1667 1359 1768 oonfliotus
1377 1698 1458 1766 erat
1479 1693 1522 1766 in

401 1829 580 1918 atumpna
597 1817 644 1920 ²⁸¹),
665 1819 704 1893 in
733 1825 867 1894 octaua
895 1818 1057 1894 omnium
1085 1825 1298 1894 sanctorum
1317 1833 1521 1916 perquan-

400 1953 477 2022 tum
497 1947 640 2022 feriam.
670 1946 722 2020 Et
741 1945 930 2020 Mehemet
947 1943 1024 2022 bek
1042 1944 1169 2021 statim
1188 1967 1271 2020 oum
1290 1943 1426 2020 Turris
1444 1967 1521 2018 no-

399 2074 495 2148 uiter
522 2081 608 2172 post
635 2072 797 2168 Perhat‚
817 2080 855 2148 et
872 2072 1095 2148 inuenerunt
1121 2079 1208 2169 post
1225 2079 1399 2168 quattuor
1418 2071 1519 2166 dies,

399 2224 520 2300 neque
537 2201 670 2278 bibens
689 2223 758 2274 neo
776 2201 974 2276 comedens
991 2197 1190 2299 presentia
1208 2198 1340 2275 duetus
1358 2205 1456 2294 erat,
1479 2205 1523 2272 et

398 2328 454 2404 sio
483 2331 531 2403 ad
559 2327 747 2404 dominum
770 2325 1150 2403 Nandor-Albensem
1172 2325 1342 2400 duxerat.
1373 2325 1424 2398 Et
1445 2347 1521 2421 pre

400 2454 533 2528 timore
553 2455 751 2551 lupporum
769 2459 922 2548 egrotus
939 2453 1030 2548 tunt,
1051 2453 1099 2527 ad
1118 2459 1289 2528 ootauum
1307 2451 1405 2526 diem
1423 2473 1519 2524 exa·

398 2581 493 2656 lauit
511 2579 705 2655 demundo.
735 2559 743 2577 ’

688 2901 1020 3008 (onnrnuuun
1039 2897 1226 3006 xxxrr).

507 3123 688 3197 numm
705 3119 878 3216 Hungari
898 3119 983 3194 dum
1002 3119 1216 3196 scribebant
1226 3139 1324 3193 anno
1337 3111 1438 3192 1523
1456 3115 1516 3192 fe-

397 3255 526 3324 cerunt
553 3248 887 3342 congregacionem
915 3269 1088 3342 magnam
1106 3269 1152 3321 ox
1171 3245 1352 3342 vndique,
1377 3251 1417 3320 vt
1430 3247 1515 3342 jam

398 3375 446 3449 ad
463 3377 600 3452 bonum
619 3371 729 3448 finem
749 3379 957 3449 statuerent
975 3371 1145 3469 Regnum
1164 3371 1371 3468 Hungarie.
1391 3369 1514 3446 Joan-

397 3523 480 3576 nem
508 3497 705 3574 vaiuodam
742 3496 961 3572 secundario
992 3501 1182 3610 perjurum
1210 3497 1395 3572 infidelem
1422 3519 1514 3594 pro-

396 3629 667 3704 nunciauemnt
686 3632 723 3700 et
742 3625 983 3701 excluderunt
1008 3625 1052 3699 de
1072 3625 1229 3702 oonsilio
1249 3625 1368 3722 Regio
1388 3623 1513 3723 Majo-

396 3755 516 3832 statis.
537 3753 607 3829 Isti
626 3753 731 3828 ffatoi
751 3751 924 3849 Hungari
943 3759 1096 3851 propter
1114 3751 1204 3846 hee,
1233 3752 1332 3848 quod
1350 3775 1423 3828 non
1443 3775 1513 3826 ve-

397 3883 515 3959 nisset
534 3881 581 3957 ad
600 3879 849 3955 adiuuandum
869 3878 968 3954 arcis
986 3877 1349 3972 nautor-Albanus,
1361 3885 1398 3953 et
1411 3879 1512 3973 quod

396 4011 436 4084 in
454 4009 587 4084 Persia
606 4004 661 4109 **)
690 4007 794 4083 iuxta
813 4006 876 4082 flui
896 4003 995 4081 Ister
1023 4025 1145 4078 arcem
1173 4005 1321 4106 Zereny
1339 4005 1407 4080 sub
1429 4002 1511 4078 des-

396 4135 565 4212 fensione
592 4141 693 4230 erat,
721 4141 758 4208 et
775 4155 842 4232 per
861 4131 1015 4208 Turkos
1042 4131 1194 4209 fecisset
1221 4131 1403 4230 accipere.
1432 4129 1510 4206 Re-

397 4263 547 4368 spondit
564 4269 785 4362 proonrator
809 4284 897 4339 suus
914 4261 1002 4336 ilico
1027 4257 1241 4360 Stephanus
1260 4259 1449 4355 Verboehi
1469 4261 1511 4336 in

396 4415 556 4491 persona
574 4389 634 4467 sui
654 4389 804 4486 domini,
834 4388 933 4486 quod
953 4415 961 4462 :
987 4387 1194 4485 „Dominus
1223 4409 1325 4464 meus
1344 4411 1419 4463 non
1437 4385 1507 4464 ha-

448 4699 479 4770 ⁴*)
499 4699 579 4754 Aaou
600 4697 645 4764 „in
663 4697 822 4754 autumno.“

431 4789 481 4858 ’ἢ
502 4788 541 4842 tu
560 4803 633 4857 vugy
654 4783 797 4854 Srarvidt,
817 4800 892 4855 νας]
911 4799 928 4837 a
947 4781 1144 4856 Szerdmsdget
1162 4781 1223 4839 kall
1242 4781 1343 4838 drteni.
