3238 5228
1178 511 1255 591 285

154 733 217 806 per
234 711 363 810 pocius
381 712 448 787 sub
467 711 592 786 natica
611 732 758 786 suarum
777 711 976 806 portabant
994 699 1162 786 aculeum
1181 735 1256 786 me-

154 837 278 911 tallum
297 838 441 913 lanceis
460 838 540 913 suis
558 837 606 910 ad
624 837 821 912 ciuitatem.

255 963 376 1056 Quum
395 965 478 1040 Rex
497 966 662 1043 Joannes
690 964 858 1060 audien,
887 964 984 1060 quad
1003 965 1059 1040 sui
1078 985 1257 1060 sequaces

154 1091 291 1186 equites
315 1093 369 1168 nil
396 1092 638 1190 proficerent;
662 1093 776 1190 jussit
804 1115 872 1190 pro
900 1089 1030 1167 Canon
1056 1090 1188 1186 vaida,
1217 1097 1258 1162 vt

154 1222 213 1290 tm.
232 1217 434 1293 dimitteret
453 1226 597 1294 centum
617 1219 663 1294 de
681 1219 758 1294 suis
776 1219 907 1295 besliis
926 1219 974 1292 ad
991 1216 1255 1316 pugillandum.

156 1342 202 1416 Et
228 1343 325 1440 quod
353 1344 497 1419 audien.
527 1367 612 1420 mox
640 1345 799 1418 letanter
828 1351 1022 1420 currerunt
1050 1343 1098 1418 ad
1126 1341 1259 1438 Lagod

155 1469 336 1564 planices,
366 1477 402 1546 et
430 1470 540 1546 diuisi
577 1476 682 1545 erant
710 1469 806 1545 inter
833 1494 885 1546 se.
912 1469 1193 1568 Quinquaginta
1219 1469 1257 1543 in

156 1616 221 1669 rna
240 1602 420 1672 steterunt
447 1596 677 1690 ordinanter,
705 1603 741 1671 et
761 1595 1029 1694 quinquaginta
1054 1599 1256 1696 imppetum

155 1719 316 1796 lecerunt
334 1722 382 1796 ad
400 1730 581 1798 castorem
602 1721 881 1798 Germanorum.
911 1721 1034 1814 Quum
1053 1725 1258 1802 sensissent

158 1847 289 1924 milites
309 1847 502 1925 Valentini
527 1847 683 1923 Therelr
702 1857 739 1923 et
757 1849 867 1923 Pauli
886 1849 1049 1950 Bakytt,
1079 1851 1258 1926 aduersus

157 1995 215 2048 ecs
237 1974 489 2050 ascendebant
516 1975 565 2051 ad
594 1976 743 2052 veloces
772 1999 906 2074 equas,
936 1984 973 2051 et
1000 1984 1259 2075 pugnauerunt

157 2121 214 2175 eas
243 2099 389 2176 Tereos
418 2109 653 2177 enumeratos
681 2123 798 2199 vsque
828 2101 876 2175 ad
904 2107 1023 2176 ortum
1051 2102 1179 2197 Regis.
1211 2103 1260 2176 Et

157 2225 237 2300 inde
255 2249 403 2304 rursum
432 2228 701 2325 quinquaginta
730 2228 844 2303 Turci
873 2235 1001 2303 contra
1020 2251 1084 2304 eos
1103 2228 1259 2326 Hunga·

156 2377 213 2429 ms
250 2354 522 2432 Germanorum
558 2358 793 2455 repellebant
828 2379 945 2454 vsque
981 2355 1028 2430 ad
1065 2365 1258 2432 castorem.

158 2477 226 2554 Sed
254 2507 365 2558 vnum
394 2485 561 2562 Hanibal
580 2483 625 2560 de
645 2507 730 2559 arce
759 2483 865 2558 Buda
884 2483 1071 2578 sagitabat
1090 2482 1134 2556 de
1154 2489 1260 2580 parte

159 2603 353 2685 Germanis
372 2612 471 2688 inter
490 2617 610 2704 ortos3
640 2631 754 2706 eques
782 2617 862 2685 erat
880 2610 1001 2704 niger,
1022 2620 1059 2682 et
1077 2609 1260 2706 dominum

159 2733 236 2828 eqni
264 2743 507 2832 portauerant
535 2737 594 2812 sui
621 2743 749 2834 partes
773 2735 821 2810 ad
839 2742 1022 2810 castorem
1050 2757 1197 2828 eorum,
1225 2744 1261 2808 et

24 2931 25 2938 Ν
159 2879 283 2954 equum
303 2861 686 2960 duxerantnestrates
711 2862 759 2938 ad
777 2883 900 2937 arcem
920 2863 1139 2937 Budensem.
1168 2861 1261 2936 Erat

160 2986 259 3080 niger
277 2989 414 3066 coloris
434 3013 561 3086 equus,
583 2997 620 3063 et
637 2989 814 3069 ibiTurci
830 2987 1127 3088 adauctersuper
1146 3010 1260 3085 equos
1351 3051 1354 3056 .

24 3103 25 3132 ¹
161 3115 362 3212 currebant,
383 3117 436 3191 nil
454 3117 762 3214 premeditabant.
784 3114 908 3208 Quum
918 3123 998 3190 erat
1003 3118 1082 3213 jam
1092 3137 1259 3213 vespere,

161 3236 382 3318 intrauerunt
409 3241 456 3318 ad
484 3244 694 3340 ciuitatem,
720 3250 757 3318 et
776 3265 845 3320 nos
864 3243 934 3319 hec
951 3243 1164 3340 bellicanda
1182 3265 1260 3318 cer-

162 3366 333 3443 nebamus
351 3391 466 3468 super
485 3392 610 3448 muros
629 3371 806 3446 ciuitatis.
837 3371 888 3444 Et
906 3369 1066 3446 secundo
1086 3370 1145 3444 die
1162 3369 1261 3443 ince-

162 3501 288 3584 pemnt
314 3495 477 3591 sagitare
511 3520 635 3572 muros
672 3497 835 3572 ciuitatis
863 3496 910 3570 de
936 3519 1044 3602 mane
1071 3517 1187 3591 nsque
1214 3495 1261 3569 ad

24 3707 25 3740 ᾖ
162 3629 494 3718 vesperascentem,
532 3633 570 3698 et
597 3631 753 3722 quatuor
788 3629 896 3697 centa
932 3623 1189 3717 sagitauerant
1216 3620 1261 3694 de

24 3777 25 3840 r
162 3747 302 3840 magnis
326 3750 539 3826 bombardis
558 3757 595 3823 et
604 3739 785 3845 'globulos
809 3749 974 3824 totaliter
998 3749 1196 3846 portabant
1214 3750 1261 3820 ad

24 3887 25 3916 ³
161 3873 537 3982 arcemssudensem,
567 3885 603 3950 et
630 3876 675 3950 de
704 3877 871 3974 qualibet
904 3874 1093 3949 duodecim
1122 3872 1261 3950 solidos
1382 3987 1387 4000 .

163 3999 391 4098 accipiebant
429 4003 473 4078 de
511 4003 616 4100 Rege
654 4005 813 4082 Joanne.
851 4000 900 4078 Et
926 4003 1041 4080 tercio
1070 4001 1128 4076 die
1156 4007 1261 4076 extra

162 4128 416 4220 equitauerant
444 4131 578 4228 Turei,
609 4139 646 4208 et
664 4133 776 4209 simili
795 4131 902 4206 modo
922 4130 1104 4228 pugillum
1122 4127 1260 4203 habue-

24 4265 25 4356 ᾗ
161 4261 241 4326 runt
269 4276 352 4329 cum
381 4253 581 4332 Germanis
609 4259 708 4333 omni
737 4259 808 4332 die.
837 4257 888 4331 Et
915 4256 961 4330 de
989 4255 1067 4330 illis
1093 4254 1261 4352 partibus

24 4383 25 4436 1
163 4373 427 4460 Germanomm
446 4383 855 4482 duasaprehenderant.
871 4385 994 4460 Vnum
1012 4404 1145 4458 nomen
1163 4381 1261 4455 Pau·

24 4483 25 4528 ³
161 4503 232 4580 lum
251 4507 396 4604 Fador,
417 4518 453 4584 et
471 4512 581 4587 istum
601 4511 683 4587 Rex
703 4535 725 4586 a
745 4511 880 4587 Turcis
898 4511 1072 4602 redemit,
1097 4515 1134 4582 et
1151 4509 1262 4586 vlnus

161 4628 191 4679 ⁸⁵
208 4647 245 4728 l·
277 4635 355 4710 eius
373 4637 492 4732 ligare
511 4623 729 4736 preceperat
757 4637 920 4732 demum,
946 4645 983 4711 et
1002 4635 1160 4718 absoluit
1178 4656 1260 4708 enm

24 4759 25 4770 ²
161 4763 194 4829 et
212 4759 360 4836 dimisit.
390 4764 559 4840 Altemm
587 4788 675 4842 vero
702 4771 845 4861 captum
865 4765 1047 4842 duxerant
1066 4761 1111 4836 de
1129 4759 1260 4858 Logod
