3226 5220
1109 509 1188 589 217

21 717 22 792 ῑ
101 704 263 780 nobiscnm
292 726 366 782 non
394 703 596 802 pugnabit,
627 704 694 780 sed
721 705 850 782 statim·
866 691 993 803 fugam
1012 707 1187 786 dabunt.“

98 829 333 906 nutritorum
352 831 597 908 Valentinus:
618 831 790 927 ,Extunc
808 856 883 908 non
900 835 1083 933 timemus,
1104 838 1192 934 quia

97 967 231 1036 uenerat
249 958 298 1034 ed
315 979 374 1034 me
402 957 548 1033 Radioh
576 957 650 1034 ista
677 966 868 1036 transacta
896 968 1025 1058 nocte,
1055 969 1093 1038 et
1120 987 1191 1062 ego

21 1075 22 1080 ‘
95 1108 160 1160 cum
177 1108 220 1161 eo
239 1085 357 1160 multa
374 1086 550 1181 tractaui,
572 1091 610 1160 et
628 1107 710 1160 cnm
728 1086 811 1184 ipso
831 1087 1016 1186 expediui,
1038 1090 1136 1186 quod
1155 1097 1192 1165 et

95 1212 1191 1310 ifflfflmmmfflmmm

21 1383 22 1410 i
96 1341 192 1416 simus
211 1339 397 1416 concessit
414 1338 526 1414 istam
545 1337 860 1416 conflictionem.“

185 1468 269 1564 Ego
287 1465 435 1564 quidem
454 1467 552 1543 inter
570 1466 716 1564 pedites
736 1469 882 1545 stabam
901 1467 1045 1544 accinto
1064 1469 1192 1565 gladio

21 1619 22 1644 ¹
96 1617 191 1694 snper
207 1595 348 1672 femore
367 1594 451 1690 mei,
472 1600 509 1668 et
528 1616 759 1670 communem
778 1596 1050 1673 confessionem
1068 1619 1194 1674 coram

98 1723 266 1820 peditibus
285 1722 600 1822 pronuncciabam
618 1720 727 1798 flexis
736 1722 907 1819 genibus,
928 1729 965 1798 et
982 1723 1092 1798 valde
1112 1745 1195 1799 com

100 1847 174 1925 fletu
199 1851 367 1926 dicebam
395 1857 433 1925 et
451 1850 719 1925 confortabam.
751 1849 803 1924 Et
830 1857 964 1949 postea
991 1851 1101 1928 amisi
1130 1873 1195 1927 eos

100 1999 166 2052 cnm
183 1975 447 2054 benediccione
467 1974 703 2072 sacerdotali,
725 1975 811 2050 dum
826 1976 1047 2072 egrediebar
1065 1999 1197 2054 versus

100 2111 265 2180 maiorem
283 2103 404 2198 Regia
424 2101 648 2199 Majestatis.
669 2101 941 2180 Extuchitez
953 2100 1197 2204 Galayvnam

101 2231 263 2307 frameam
290 2229 454 2306 habebat
480 2230 520 2304 in
547 2251 658 2304 manu
686 2251 755 2304 sua
779 2229 824 2332 de
842 2230 947 2326 ligno
966 2231 1198 2327 fabricatam,

101 2367 130 2432 et
144 2357 194 2434 sic
212 2383 235 2434 a
252 2365 360 2452 tergo
380 2358 539 2452 cogebat
565 2361 714 2452 gentem
732 2357 771 2430 vi
792 2356 839 2431 ad
857 2357 1097 2455 pugnandum
1116 2379 1198 2432 cnm

100 2486 210 2581 lignea
236 2487 393 2563 framea.
422 2484 515 2559 Dixi
544 2484 577 2558 ci
605 2511 614 2557 ε
648 2483 833 2580 ,Domine
861 2491 1008 2583 oportet
1034 2484 1195 2560 facere.“

21 2637 22 2640 ‘
103 2611 194 2688 Dixit
210 2613 322 2688 mihi:
347 2610 430 2710 ,Ita
449 2617 638 2709 oporteret
654 2611 794 2707 facere,
815 2612 848 2687 si
865 2612 973 2709 probi
992 2611 1195 2688 essemus.“

21 2757 22 2784 u
104 2737 173 2834 Ego
190 2740 265 2815 dixi
285 2739 333 2814 ad
351 2739 448 2814 facie
468 2766 476 2812 :
501 2737 566 2836 ,si
584 2737 658 2813 ista
676 2738 740 2812 via
756 2761 830 2814 non
845 2739 949 2816 eritis
967 2739 1087 2837 probi,
1107 2760 1200 2813 nun·

21 2943 22 2972 ᾖ
106 2889 198 2962 quam
224 2868 401 2965 deinceps
429 2866 534 2941 eritis
561 2865 726 2962 amplius
746 2865 939 2963 perfecti.“
979 2865 1030 2940 Et
1056 2887 1127 2961 ego
1153 2861 1201 2943 ad

107 2999 192 3069 tabor
217 2996 382 3091 cucurri,
412 2995 499 3092 qnia
525 2995 706 3092 pecunias
735 2995 1009 3090 congregabam
1027 3017 1050 3068 a
1069 2991 1202 3092 pediti·

109 3119 214 3198 bnsin
231 3145 377 3199 sacram
398 3122 650 3217 elemosinam,
671 3127 751 3196 erat
769 3120 896 3196 decem
914 3120 1088 3217 florenos,
1105 3117 1203 3218 qnod

109 3269 165 3344 ego
181 3251 216 3326 in
240 3251 404 3326 mantica
428 3273 511 3325 mea
539 3249 820 3326 constituebam.
852 3249 936 3344 Ego
963 3271 1111 3328 rursum
1141 3269 1202 3322 cn-

21 3391 22 3398 ‘
110 3378 192 3454 cuni
209 3380 342 3456 iterum
361 3376 410 3451 ad
426 3384 581 3453 turmas.
607 3376 901 3472 Existimabam,
922 3374 1020 3474 quod
1039 3375 1203 3472 aliquam

21 3523 22 3550 ³
110 3505 242 3599 predam
262 3527 397 3604 rapere
416 3527 587 3603 possem;
607 3502 822 3597 credebam,
853 3502 951 3600 quod
968 3508 1096 3578 nostra
1115 3525 1205 3599 pars

109 3626 156 3730 ⁶4]
184 3634 389 3731 preoaleat.
429 3629 534 3708 Sient
561 3631 601 3706 in
630 3630 790 3729 Thocaj,
819 3652 934 3705 vnum
962 3651 1095 3727 equum
1123 3651 1206 3704 cum

111 3761 235 3852 paratis
262 3760 520 3836 hornamentis
548 3759 607 3834 sui
635 3759 869 3856 optinebam,
899 3763 937 3832 et
964 3756 1003 3832 in
1022 3754 1206 3832 Oassouia

109 3905 163 3978 per
179 3894 256 3964 octo
276 3886 440 3963 florenos
458 3886 676 3964 vendebam.

199 4014 367 4112 Gumquc
385 4014 435 4089 ad
453 4015 550 4090 iacis
569 4021 726 4111 utraque
745 4035 835 4112 pars
843 4009 1015 4088 bellicosi
1027 4015 1205 4100 astarent,

112 4149 265 4236 quattuor
283 4142 457 4218 minimos
485 4141 632 4240 pixides
660 4140 825 4216 habebat
843 4136 947 4232 Rex,
968 4136 1062 4212 etin
1080 4134 1210 4234 primis

113 4271 257 4366 ospitare
286 4272 428 4347 iecerat
446 4269 531 4346 Rex
560 4268 607 4344 ad
636 4265 869 4360 Germanos,
896 4269 933 4340 et
950 4263 1093 4340 nullum
1111 4260 1208 4338 dicc-

114 4391 188 4474 bant
203 4423 248 4476 ex
266 4400 324 4476 cis
341 4397 567 4494 tetigissent.
589 4396 640 4472 Et
658 4400 790 4492 postca
807 4385 1208 4490 inceperuntAlcmani

112 4521 175 4616 ian
198 4527 363 4624 sagitarc
390 4546 460 4601 nos
487 4520 711 4619 Hungaros,
750 4526 788 4596 st
821 4519 884 4596 vbi
912 4517 996 4593 Rex
1022 4515 1147 4593 subet
1170 4515 1210 4592 in

118 4668 195 4745 equo
220 4654 352 4730 ultimo
392 4649 635 4751 peculiariter
672 4646 929 4745 sagitaucrant
955 4643 1004 4720 ad
1032 4665 1127 4722 eum.
1160 4637 1223 4718 ut·

21 4883 22 4888 Ν
118 4783 199 4851 recte
217 4779 263 4855 ad
281 4778 425 4875 Regem
444 4777 471 4853 J
473 4799 630 4852 oannem
650 4773 791 4850 directa
810 4781 891 4850 crat
907 4769 1128 4864 bombarda3
1148 4765 1213 4845 sed
