3226 5220
363 899 695 1004 (ccrrrunun
721 898 882 1004 nnrv.)

168 1115 321 1194 Interim
339 1119 440 1194 lama
457 1120 630 1216 vigebat,
661 1119 759 1217 quod
786 1117 1046 1195 Ferdinandus
1064 1071 1175 1196 valde

84 1252 239 1342 preparet
255 1269 297 1321 se
315 1245 364 1321 ad
381 1245 616 1342 Hungariam
643 1245 784 1322 intrare
813 1267 859 1319 ac
885 1244 1071 1322 intruosus
1096 1247 1177 1324 fore

84 1393 177 1470 super
193 1371 380 1450 Joannem
398 1371 553 1469 Regem.
584 1370 705 1464 Quum
734 1371 931 1470 sepissime
949 1373 1098 1470 publice
1116 1397 1176 1450 so-

17 1553 18 1558 *
85 1499 547 1596 rueratingurgisnostris‚
569 1498 666 1597 quod
685 1497 858 1594 Hungari
877 1499 1071 1598 superiora
1088 1525 1178 1600 pars

85 1623 208 1722 Regem
236 1627 514 1704 Ferdinandum
540 1629 669 1703 crebre
697 1625 865 1703 suadent
883 1649 986 1723 eum,
1008 1635 1048 1702 vt
1066 1651 1179 1727 super

17 1795 18 1834 ss
85 1775 197 1850 aquam
214 1762 253 1829 et
271 1775 386 1854 super
404 1761 542 1832 terram
569 1755 670 1830 infra
693 1753 936 1830 descenderet
954 1754 1002 1829 ad
1020 1755 1176 1832 Budam.

17 1965 18 1972 Ν
85 1877 185 1972 Quum
202 1907 273 1980 ego
293 1883 447 1959 Petrum
474 1883 645 1959 Petronit
671 1881 749 1958 vidi
768 1882 872 1958 etad
898 1883 1032 1959 faciem
1059 1884 1179 1983 ipsius

17 2039 18 2042 ¹
86 2029 283 2086 eueneram.
308 2010 432 2108 „Ecce
443 2009 589 2086 domine
608 2009 731 2107 Petne,
742 2009 920 2107 quicquid
929 2033 999 2106 ego
1010 2011 1180 2089 dicebam

17 2099 18 2174 1

17 2289 19 2402 l

17 2195 18 2256 p
88 2131 115 2206 in
129 2131 405 2230 Alba-Regalia
422 2135 531 2212 vobis
549 2135 589 2208 in
607 2135 668 2210 die
686 2135 959 2233 coronacionis‚
978 2137 1076 2234 quod
1094 2137 1178 2214 Rex

86 2262 163 2338 nale
180 2263 438 2340 constituisset
455 2263 608 2338 Petrum
627 2263 732 2338 Prini
744 2263 1043 2339 advaiuodctum
1057 2265 1179 2341 'Pran-

86 2387 170 2482 silu.‚
197 2399 235 2467 et
262 2391 336 2467 sibi
365 2413 540 2466 coronam
569 2390 618 2465 ad
645 2415 776 2468 manus
806 2413 896 2468 suas
923 2393 1114 2488 restitum;
1143 2401 1181 2468 et

88 2513 268 2593 Valentino
296 2517 509 2617 ispanatum
534 2516 894 2601 Themesvarien.“.
924 2519 1033 2595 Dixit
1057 2520 1171 2595 mihi:

91 2639 194 2742 „Scia
214 2644 363 2721 domine
381 2643 535 2740 Georgi,
557 2646 656 2744 quod
673 2645 777 2741 Rex,
799 2646 885 2723 dum
904 2646 1067 2723 vaiuoda
1086 2653 1178 2742 erat,

89 2780 312 2849 ercuaauerat
347 2771 590 2850 Valentinum
635 2772 819 2869 Thermi,
867 2772 965 2871 quod
999 2773 1180 2870 regnicoli

90 2891 187 2990 ipsum
204 2922 288 2976 eum
305 2897 494 2974 infidelem
512 2899 684 2976 eicebant
702 2923 785 2975 eum
803 2901 843 2974 in
862 2923 993 3000 campo
1004 2899 1179 2998 monach,

90 3029 116 3092 et
129 3023 162 3099 in
177 3025 494 3103 Transilwaniam
521 3027 648 3101 alebat
675 3026 797 3125 ipsum
825 3029 921 3103 sicut
948 3050 1060 3104 vnum
1088 3050 1179 3127 pau·
1281 3021 1290 3033 '

90 3169 202 3242 perem.
229 3151 282 3228 Et
299 3151 436 3228 Petrus
455 3152 678 3229 intrinsecus
696 3153 944 3229 iuramentum
962 3155 1051 3229 fecit
1068 3177 1181 3254 super

91 3279 313 3357 eucaristiam
340 3301 471 3355 manns
499 3302 588 3355 snas
612 3281 743 3356 ambas
762 3280 976 3379 imponens,
997 3305 1087 3377 ergo
1106 3305 1180 3357 non

20 3421 21 3450 1
91 3404 267 3484 extimasse
285 3428 370 3481 eum
388 3430 456 3481 nos
475 3405 661 3482 infidelem
672 3413 710 3481 et
719 3409 919 3506 perjurum,
940 3408 1029 3506 quia
1046 3409 1181 3484 Petrus

21 3539 22 3598 1
92 3523 232 3609 Petronit
250 3539 334 3610 erat
353 3532 556 3609 carnaliter
574 3533 703 3628 frater,
724 3529 864 3608 hocest
877 3543 1022 3632 uttpasp
1041 3539 1182 3631 pernocte

21 3647 23 3762 l

94 3665 155 3732 erat
170 3683 251 3736 cum
269 3658 413 3756 Rege.“
436 3659 522 3754 Ego
546 3658 623 3733 dini
641 3659 714 3735 sibi
732 3659 865 3736 iterum
886 3688 894 3734 :
919 3658 1018 3756 „Illa
1037 3667 1182 3736 secreta

22 3819 23 3826 1
93 3785 222 3864 consilia
241 3793 372 3864 vestra
390 3795 465 3862 nod
483 3788 580 3863 bene
599 3791 709 3862 sonat
727 3786 913 3862 interdum
932 3787 1029 3861 inter
1047 3787 1180 3882 ulgus,

93 3909 141 3986 ted
159 3916 323 4014 piissime
351 3915 449 3992 inter
477 3915 631 3991 colonos
659 3910 845 4016 pu(b)lica
872 3913 1030 3990 consilia
1054 3936 1182 3990 eorum

23 4141 24 4150 Ν
94 4039 200 4120 melius
216 4049 328 4124 sonat
354 4041 540 4118 interdum
558 4042 678 4118 eciam
697 4041 746 4117 ad
763 4041 969 4140 perfectum
998 4039 1181 4117 deueniet.

94 4157 151 4240 Sed
165 4191 230 4267 ego
249 4167 408 4246 consilio
436 4167 483 4244 do
511 4168 639 4264 vobis,
660 4175 701 4242 vt
719 4169 846 4245 statim
864 4166 1022 4243 accedas
1041 4164 1089 4242 ad
1107 4165 1181 4242 Re-

23 4287 24 4290 *
95 4309 175 4390 gen,
200 4303 238 4372 et
265 4295 326 4372 dic
353 4298 412 4394 ei,
442 4295 540 4396 quod
566 4295 693 4372 statim
721 4295 839 4372 iaciat
865 4315 1001 4371 vocare
1029 4293 1182 4368 Petrum

97 4411 178 4498 Plini
193 4423 241 4500 ad
259 4447 323 4520 se3
344 4427 442 4522 quod
461 4423 494 4499 si
511 4423 658 4498 venerit
675 4445 762 4498 mox
781 4422 942 4522 capiatis
960 4441 1059 4516 eum,
1079 4427 1117 4494 et
1135 4441 1182 4494 er

99 4539 160 4640 ipso
176 4559 395 4650 extorquere
413 4551 565 4630 faciatis
583 4574 779 4650 coronam,
800 4550 888 4649 qnia
906 4571 977 4646 ego
996 4547 1105 4624 audio
1124 4549 1182 4644 ip·

98 4689 157 4750 uun
181 4679 329 4758 esseio
355 4677 506 4757 Vienna
533 4679 632 4755 clam
666 4679 737 4756 sub
773 4701 848 4754 vna
874 4682 979 4752 veste
1016 4673 1182 4751 indutum

101 4797 182 4896 nigro
199 4805 316 4904 pube,
341 4803 442 4904 apud
459 4805 613 4882 fratrem
631 4825 738 4882 suum
761 4801 992 4903 Stephanum
1012 4799 1127 4878 Bator
1146 4805 1183 4873 et

137 4941 339 4991 summan.
918 4906 969 4987 10
