3238 5228
1114 469 1193 554 a1c

19 723 20 780 ,
100 669 308 748 barronibus
343 670 544 767 regnicolis
579 670 787 769 Hungarie.
836 671 896 747 Da
932 671 1067 770 quibus
1102 671 1193 748 mibi

19 847 20 884 ,
99 801 256 894 quattuor
273 796 419 874 vicibus
440 800 652 895 juramenta
670 799 856 894 fecerant,
876 805 918 874 ut
935 777 994 874 me
1012 796 1194 894 audirent,

98 922 153 1000 sed
169 947 241 1000 non
264 923 471 1000 audierunt.
500 923 626 1022 Magis
654 947 724 1022 ego
751 925 957 1002 traditurus
982 924 1127 1000 ineram
1146 927 1195 1001 ab

99 1051 180 1150 ipsis
205 1050 244 1126 in
272 1050 430 1153 Tokay,
460 1053 563 1129 etin
590 1051 722 1148 Scina,
751 1077 796 1129 ac
814 1053 853 1128 in
872 1050 991 1128 Buda.
1011 1049 1133 1144 Quam
1160 1051 1195 1128 si

100 1199 228 1253 mecum
247 1200 322 1254 non
340 1177 474 1256 luisset
492 1179 566 1257 ista
583 1177 736 1256 Idumea
753 1203 866 1277 gens,
895 1177 958 1254 diu
976 1178 1113 1254 fuimus
1131 1200 1195 1254 ex-

99 1305 222 1383 altatus
241 1305 288 1382 de
307 1306 461 1403 mund03
490 1331 580 1405 ergo
609 1309 691 1408 ipsc
719 1313 780 1386 ost
802 1309 1030 1405 gubernator
1057 1312 1194 1402 vester,

99 1433 205 1532 ipsum
224 1433 386 1510 audite.“
407 1435 457 1510 Et
474 1441 655 1511 venerunt
670 1436 789 1532 legati
806 1435 938 1511 iterum
956 1434 1054 1510 inter
1071 1433 1195 1529 regni·

98 1560 190 1656 colis,
210 1567 249 1636 et
266 1560 334 1636 tali
354 1560 459 1638 modo
477 1561 737 1638 reserauerunt
754 1562 822 1638 toti
840 1560 1053 1656 regnicolis.
1073 1558 1196 1651 Quum

99 1687 195 1762 istam
223 1687 450 1764 relacionem
476 1688 645 1763 retullen.
676 1689 731 1765 eis
758 1687 964 1783 audierant,
984 1709 1071 1762 mox
1089 1685 1128 1762 in
1146 1686 1195 1762 si-

99 1814 217 1890 lencio
235 1815 395 1890 maximo
424 1814 582 1915 depositi
619 1823 745 1910 erant,
775 1822 813 1890 et
839 1814 1056 1892 nesciebant
1092 1813 1196 1910 quid-

99 1963 196 2036 quam
223 1940 392 2040 prolerre
422 1949 552 2019 contra
578 1941 759 2018 lacionem
779 1941 1020 2038 Regiestatis,
1041 1939 1195 2040 Stepha-

101 2091 177 2145 num
193 2070 371 2168 Verbooy
389 2069 498 2146 valde
517 2069 780 2146 refocillabant
798 2087 901 2166 eum,
922 2077 963 2144 vt
980 2071 1197 2166 loqueretur

101 2195 230 2293 aliquid
248 2195 297 2270 ad
315 2196 513 2272 utilitatem
530 2196 732 2293 regnicolis
750 2194 1026 2294 Hungarorum.
1055 2195 1122 2272 Nil
1140 2219 1198 2272 re·

101 2322 313 2420 spondebat,
332 2323 398 2400 sed
416 2329 584 2400 tacuerat
602 2323 710 2421 quasi
729 2347 868 2420 amens,
889 2332 926 2400 ct
943 2323 1013 2400 hec
1032 2323 1124 2398 dixit
1142 2325 1198 2400 cis

101 2450 331 2526 communiter
349 2448 493 2526 demum
515 2478 523 2525 :
547 2449 851 2550 ,Quidsilemini,
872 2450 1016 2549 etquid
1035 2448 1199 2528 auditis?

101 2573 326 2674 Interrogata
367 2579 446 2674 jam
483 2576 665 2653 dominum
700 2581 986 2675 gubernatorem
1022 2585 1197 2672 nostrum,

101 2701 177 2796 quid
194 2703 262 2779 ult
280 2727 304 2778 a
321 2704 429 2780 nobis
447 2703 650 2800 regnicolis
668 2706 831 2804 petere.“
867 2706 956 2801 „Nil
974 2703 1095 2798 aliud,
1124 2726 1199 2780 non

100 2830 266 2924 multum3
285 2829 352 2906 sed
371 2831 536 2928 exceptis
555 2831 792 2928 magnatibus
810 2832 975 2927 nobiles,
996 2837 1034 2906 et
1052 2831 1198 2927 ignobi-

101 2955 158 3050 les,
169 2957 421 3034 acecclesium
440 2957 580 3053 eciam;
599 2957 757 3055 quilibet
775 2957 961 3056 prenotati
979 2957 1198 3034 medientem

102 3085 201 3161 rebus
219 3083 319 3172 suis,
348 3089 389 3157 vt
405 3089 508 3179 patet
525 3083 572 3159 de
590 3105 693 3178 auro,
715 3084 759 3160 de
779 3091 954 3180 argento.
985 3084 1031 3159 de
1049 3083 1199 3184 pecudi-

102 3211 174 3306 bus,
192 3211 237 3286 dc
258 3211 394 3309 quibus
413 3232 485 3307 que
505 3213 575 3287 snb
593 3234 634 3288 se
652 3211 777 3288 babet.
806 3212 856 3287 Et
873 3212 947 3288 ista
964 3211 1013 3289 sit
1030 3212 1201 3308 exigator
1222 3278 1228 3296 ,

102 3337 300 3416 vicecomes
328 3338 485 3436 quilibet
510 3339 549 3414 in
574 3339 749 3416 comitatu
778 3363 858 3416 sno.
887 3340 937 3415 Et
955 3340 1106 3439 insuper
1133 3339 1200 3415 ba-

102 3463 163 3539 beo
181 3465 429 3564 quadraginta
447 3493 565 3542 macco
584 3467 628 3542 de
649 3469 777 3544 croko.
797 3468 847 3542 Et
864 3491 932 3567 per
950 3466 1200 3560 comitatibus,

102 3612 140 3666 ac
156 3616 220 3690 per
253 3591 486 3686 ciuitatibus,
517 3601 554 3670 et
570 3616 638 3692 per
662 3595 808 3672 nobiles
826 3595 875 3672 sit
892 3594 1088 3671 distributa
1105 3593 1203 3670 inter

102 3739 137 3790 se
153 3717 248 3796 libra
266 3741 351 3793 cum
377 3718 493 3794 tercio
521 3719 680 3795 dimidio.
711 3717 810 3812 Quia
828 3720 910 3796 Deo
928 3719 1128 3818 adjuuante
1145 3717 1202 3792 in·

103 3845 179 3920 ueni
210 3845 318 3924 vobis
355 3868 507 3923 aureum
534 3854 692 3946 montem
718 3848 757 3922 in
784 3846 1137 3940 Transsilwaniam,
1166 3851 1204 3920 et

104 3969 195 4046 illam
213 3971 326 4050 debet
344 3973 433 4049 mibi
461 3973 674 4051 refocillare
693 3973 753 4050 die
772 3974 811 4050 in
829 3973 909 4050 dies
927 3995 1010 4049 oum
1029 3973 1204 4071 expensis

104 4098 237 4194 vestris,
259 4121 330 4197 qne
349 4099 439 4174 mibi
459 4101 643 4178 obtullere
662 4099 815 4177 debetis.
843 4099 891 4174 Et
909 4107 993 4198 post
1011 4099 1203 4176 decessum

103 4223 166 4298 nei
183 4225 358 4324 relinquit
375 4225 516 4302 vobis.“

197 4353 299 4430 Vere
318 4353 619 4454 propbetauerat,
641 4355 729 4454 quia
747 4375 844 4431 nunc
862 4355 982 4430 eniam
1000 4353 1070 4430 illa
1087 4359 1205 4450 borgo

104 4497 208 4555 aurea
233 4479 402 4579 producit
435 4483 572 4558 bonum
608 4505 760 4578 aurnm3
798 4487 961 4557 attamen
987 4480 1093 4580 prius
1121 4477 1205 4556 Rex

104 4603 262 4684 ioannes
289 4607 480 4707 inceperat
507 4609 654 4705 fodere,
682 4616 720 4685 et
737 4609 842 4686 Deus
870 4608 942 4686 sibi
970 4607 1206 4684 commiserat

105 4731 170 4808 sibi
187 4735 364 4812 inuenire.
385 4733 590 4829 Quiavnns
608 4735 783 4834 antiquus
802 4735 897 4812 ciuis
915 4741 1009 4831 erat,
1028 4740 1205 4831 tanquam
