3226 5220
1135 515 1210 592 199

125 723 168 792 est
191 717 236 811 ei,
263 723 301 790 et
327 716 492 824 episcopi
520 721 705 791 unxerunt
739 735 843 808 eum,
875 737 948 789 non
978 735 1045 789 vos
1071 711 1221 791 Cesso?

124 843 222 930 uicum
248 865 336 938 ergo
365 849 494 918 contra
521 842 750 916 voluntatem
782 839 854 914 Dei
885 831 991 916 nemo
1011 847 1134 940 potest
1152 865 1210 917 re·

123 969 266 1046 sistere.“

206 1095 324 1189 Quum
344 1096 415 1171 hec
442 1097 557 1171 verbe
584 1095 834 1194 protullebam
863 1119 988 1170 eoram
1017 1119 1089 1170 vno
1113 1095 1211 1193 jtrris

122 1224 232 1300 ciuium
246 1225 343 1301 inter
359 1221 546 1320 colloquia
566 1222 775 1318 miscentes,
796 1221 891 1297 dixit
909 1222 975 1297 ille
993 1221 1088 1298 ciuis
1099 1221 1210 1300 mihi:

126 1351 231 1446 ,Vere
250 1375 320 1447 ego
340 1351 427 1425 volo
446 1351 588 1426 referre
607 1349 704 1424 hauc
722 1350 876 1424 verbam
903 1355 1029 1425 vestre
1047 1348 1227 1424 domina·

121 1478 219 1554 rionis
237 1478 274 1553 in
291 1477 456 1576 pretorio
476 1476 642 1552 ciuitatis
661 1475 1017 1573 coramjudioibus.“
1041 1475 1211 1572 Moxego

121 1605 160 1678 fui
184 1605 439 1698 tremefactus,
461 1603 558 1700 quod
576 1602 904 1701 hecprotullisset
933 1603 1035 1678 mihi.
1065 1603 1212 1678 Extuno

120 1755 164 1806 me
175 1733 282 1830 judex
298 1732 346 1808 ad
355 1731 552 1831 prandium
571 1731 765 1826 inritauit,
786 1738 824 1806 ct
841 1733 937 1808 bene
956 1732 1153 1825 tractauit,
1174 1738 1212 1805 et

122 1867 188 1955 post
203 1859 395 1958 prandium
414 1857 508 1932 dixit
524 1856 674 1934 blandis
701 1857 827 1933 verbis
856 1859 934 1934 suis
964 1857 1077 1932 mihi:
1112 1857 1211 1954 ,Do-

125 1985 205 2059 mine
223 1983 388 2082 Georgi,
406 1983 515 2058 valde
535 1990 621 2060 sunt
640 1983 741 2058 ciues
760 1982 923 2059 ciuitatis
952 1983 1215 2062 Oassouiensis

124 2133 196 2206 erga
211 2118 245 2186 te
263 2111 500 2209 suspiciosi.“
532 2111 614 2208 Ego
640 2111 746 2186 dixi:
772 2109 957 2206 „Quare.“
993 2110 1126 2206 „Quod
1144 2113 1213 2189 ali·

125 2259 180 2332 qua
196 2239 305 2314 verba
331 2237 540 2335 profanasti
570 2260 694 2312 coram
724 2260 797 2312 vno
822 2237 968 2335 judice,
999 2245 1036 2312 et
1059 2238 1099 2312 in
1116 2239 1213 2313 refe-

125 2365 217 2440 ctorio
233 2365 394 2440 ciuitatis
413 2365 600 2440 reserauit.
621 2364 735 2461 Engo,
756 2363 902 2440 domine
923 2361 1079 2462 Georgi,
1098 2365 1213 2440 intra·

126 2490 170 2564 bis
185 2515 261 2568 cras
280 2491 328 2566 ad
345 2491 582 2568 refectorium
602 2491 777 2587 ciuitatis,
799 2498 835 2566 et
847 2492 1015 2588 teipsum
1034 2491 1213 2590 expedias

127 2638 226 2692 coram
244 2618 479 2710 ciuitatibus,
510 2617 598 2714 quia
625 2617 805 2692 dicionem
835 2617 999 2692 ciuitatis
1026 2617 1210 2713 fregisti.“

129 2742 214 2839 ,Ego
232 2767 304 2820 non
324 2745 395 2839 ibi,
426 2744 514 2841 quia
543 2767 613 2840 ego
642 2743 817 2842 quicquid
846 2743 959 2840 dixit,
989 2743 1089 2840 quod
1109 2743 1213 2820 Deus

126 2869 302 2947 altissimus
331 2871 531 2946 constituet
558 2870 786 2968 prinoipem,
817 2877 854 2944 et
870 2893 937 2969 per
957 2869 1132 2947 sacerdos
1151 2869 1213 2944 de·

125 2995 170 3070 det
185 3021 340 3094 vngere,
371 2997 426 3072 nil
444 2997 546 3072 aliud
565 2996 662 3089 dixi,
684 2997 767 3072 dico
788 2997 835 3071 ad
854 2996 964 3072 fidem
983 2995 1138 3071 meam.“
1163 2995 1214 3070 Et

123 3143 244 3220 semper
260 3125 299 3198 in
319 3123 487 3220 hospicio
512 3147 607 3198 vnus
635 3125 782 3200 solebat
809 3131 962 3222 repente
982 3124 1142 3217 intrare,
1173 3131 1214 3198 vt

124 3247 241 3346 siquid
259 3252 297 3326 in
317 3251 445 3347 aliquo
466 3250 621 3326 crimine
641 3250 981 3347 deprehendissent.

208 3379 329 3452 Semel
348 3378 497 3452 vocauit
516 3401 574 3453 me
589 3377 635 3451 ad
650 3375 846 3475 prandium
866 3377 1103 3476 dispensator
1122 3377 1211 3452 ciui·

124 3503 202 3578 tatis.
226 3504 273 3579 Et
291 3509 374 3578 erat
392 3503 609 3600 Hungarus.
640 3501 762 3593 Quum
782 3502 854 3578 duo
874 3505 1017 3582 fercula
1036 3503 1214 3580 comedis·

123 3649 234 3726 semus,
254 3631 465 3730 suspiciens
483 3630 508 3708 J
512 3653 653 3732 oannes
672 3629 907 3728 dispensatur
923 3654 1213 3729 supramensam

122 3753 222 3832 dixit:
245 3757 431 3855 ,Domine
460 3755 623 3854 Georgi,
654 3781 724 3853 ego
753 3780 833 3833 sum
861 3757 1065 3855 Hungarus
1085 3765 1122 3833 et
1139 3781 1212 3834 non

122 3879 334 3980 Germanus3
359 3889 397 3958 ct
415 3885 483 3960 sub
513 3883 585 3958 fide
614 3882 697 3957 dico
724 3883 813 3978 tibi,
841 3884 940 3981 quod
957 3891 994 3959 te
1012 3887 1107 3960 bene
1127 3908 1213 3960 con·

122 4009 243 4106 sidera,
273 4011 373 4110 quod
406 4011 475 4086 tibi
503 4009 777 4086 Oassouienses
805 4033 916 4086 vnam
950 4018 1088 4087 sertam
1116 4011 1213 4106 liga-

122 4147 242 4215 uerunt.
273 4139 325 4214 Et
345 4161 419 4212 una
438 4135 499 4211 die
517 4136 566 4210 ad
584 4142 695 4232 caput
712 4143 815 4211 tuum
833 4144 989 4232 ponent,
1010 4161 1098 4233 ergo
1117 4141 1213 4214 bene

124 4259 216 4342 debes
232 4275 269 4341 te
287 4267 411 4362 ipsum
431 4265 619 4359 cogitare,
649 4263 737 4359 quid
757 4263 824 4340 tibi
853 4271 1021 4360 oporteat
1049 4267 1209 4341 faeerc.“

127 4387 205 4464 Vere
218 4392 318 4486 dico,
340 4391 479 4466 domiui
499 4389 591 4484 mei,
621 4388 720 4486 quod
749 4412 820 4485 ego
840 4390 903 4462 vix
922 4391 1024 4486 potui
1045 4391 1148 4465 exire
1167 4391 1212 4466 de

127 4516 253 4602 prandio
271 4541 338 4615 pre
358 4517 503 4610 timore,
524 4515 823 4611 quodmeteruit.
849 4515 897 4590 Et
915 4517 1040 4591 statim
1059 4517 1211 4593 simula-

131 4635 179 4710 tim
194 4641 234 4716 ad
247 4643 409 4740 judicem
428 4643 585 4736 cucurri,
607 4647 644 4715 et
663 4641 741 4716 dixi
761 4669 770 4715 :
795 4641 976 4738 „Domine
991 4644 1119 4740 judex,
1141 4666 1211 4739 ego

136 4763 201 4838 volo
223 4767 272 4844 irc
290 4769 337 4848 ad
365 4769 480 4865 Nagh
508 4767 596 4865 Ida,
630 4769 717 4867 quia
744 4767 892 4845 domina
920 4774 1077 4847 condem
1106 4771 1211 4851 Prini
1273 4837 1278 4848 .
