3294 5208
413 423 437 495 2

413 617 548 696 Wilak
567 615 816 692 constituebat
834 631 917 688 eum
938 613 977 687 in
996 612 1158 709 Regem,
1184 615 1393 712 predictum
1412 619 1545 697 Ladi-

414 749 535 823 slaum
547 767 628 819 onm
640 742 912 853 suispart'ibus.
934 738 1399 822 IsteLadislaushabebat
1415 771 1545 822 vnum

415 874 567 948 fratrem
589 867 970 960 Alemanumnomine
990 865 1330 970 Gyllinglspan*),
1351 873 1545 947 etdnctus

416 1004 500 1074 erat
518 997 558 1071 in
588 995 700 1071 simul
728 1015 810 1067 oum
841 1015 884 1066 eo
914 991 962 1064 ad
980 991 1228 1087 Hungariam.
1249 993 1326 1070 Iste
1345 997 1546 1074 Nicolaus

416 1123 607 1220 palatinus
644 1120 686 1194 in
712 1141 787 1191 vna
813 1117 1105 1212 congregatione
1133 1117 1309 1214 Hungari
1336 1123 1547 1218 elegerunt

416 1252 457 1324 in
474 1251 651 1324 banatum
662 1242 1217 1322 officilemadNandor-Alban
1228 1271 1363 1344 arcem,
1382 1257 1423 1324 nt
1441 1250 1546 1324 fide-

413 1377 501 1452 liter
521 1380 651 1468 ageret
678 1378 809 1448 contra
837 1367 1170 1472 Inmaolitioos**),
1192 1380 1229 1448 et
1250 1375 1361 1470 juxta
1388 1376 1543 1450 socium

305 1516 312 1540 ⁶
413 1501 631 1576 Ladislaum
651 1497 836 1596 Hnnyad‚
867 1497 1051 1594 quiajam
1070 1498 1109 1572 in
1127 1499 1249 1574 vicem
1277 1503 1543 1596 gubernarent

414 1651 538 1702 arcem
557 1626 763 1724 predictam
774 1623 1097 1700 Nandor-Albam.
1115 1624 1190 1700 Sed
1199 1627 1392 1724 palatinus
1412 1628 1537 1704 Nico-

414 1757 501 1830 laus
520 1777 756 1850 nequaquam
773 1755 926 1830 volebat
943 1751 1163 1829 Ladislaum
1173 1753 1340 1830 Huniad.
1361 1755 1537 1830 Michael

417 1881 563 1976 Soilagi
583 1886 664 1956 erat
682 1886 827 1954 astutus
847 1885 884 1953 et
903 1885 1095 1974 strenuus,
1116 1903 1164 1954 ne
1183 1881 1332 1977 penitus
1352 1883 1450 1956 foret
1468 1905 1536 1956 so-

416 2011 476 2084 lus
503 2009 576 2082 iste
604 2004 788 2104 Cyllingh
818 2003 936 2102 Ispan
962 1998 1159 2102 possidere
1186 2030 1314 2082 arcem
1338 2007 1538 2084 nobilissi-

418 2158 527 2228 mam,
546 2156 659 2230 quam
678 2132 866 2207 metuebat
884 2154 907 2204 a
927 2128 1129 2208 Germanis
1148 2139 1184 2206 et
1203 2135 1251 2210 ab
1270 2131 1539 2234 Agauena***)

418 2267 542 2358 gente.
571 2258 738 2332 bliohael
757 2257 905 2353 quidem
930 2257 1158 2334 discesserat
1176 2259 1224 2333 ad
1243 2260 1390 2334 domum
1408 2259 1538 2336 Tran-

262 2483 267 2491 ι
418 2387 642 2462 silwaniam.

747 2612 810 2716 ab»
825 2613 1141 2693 onpnnnnuu
1160 2613 1212 2690 11.

420 2799 615 2880 Quomodo
642 2798 914 2872 dissemionem
940 2797 1159 2870 habuerunt
1176 2797 1277 2870 inter
1295 2817 1337 2870 so
1354 2817 1539 2891 magnam

862 2925 912 2996 ad
928 2927 1101 2996 mortem„

521 3117 744 3212 Quanquam
753 3117 859 3214 prius
869 3116 1036 3192 Michael
1047 3115 1191 3212 Soilagi
1201 3139 1417 3211 germanum
1427 3138 1536 3191 suum

423 3243 643 3318 Ladislanm
661 3244 700 3317 in
719 3267 806 3320 aroc
833 3243 933 3318 Alba
960 3243 1071 3318 valde
1090 3245 1308 3319 consulebat
1336 3250 1373 3317 et
1391 3245 1534 3318 anima-

372 3359 377 3368 ’
421 3373 488 3447 bat
506 3369 693 3464 studiose,
724 3375 856 3464 ageret
874 3375 911 3442 et
928 3369 1107 3464 vigilaret
1125 3393 1170 3444 ao
1189 3369 1337 3445 sobrius
1356 3375 1473 3461 esset,
1494 3376 1537 3441 vt

423 3520 471 3572 ne
490 3495 761 3572 essetdelusus.
783 3495 835 3569 Et
853 3495 1125 3570 famosissimos
1136 3495 1252 3570 fortes
1271 3495 1409 3570 milites
1428 3493 1536 3568 Hun-

423 3645 537 3718 garos
557 3619 718 3696 Soiticos
737 3628 1005 3716 segreganerat
1022 3621 1072 3696 ad
1089 3643 1213 3696 arcem
1227 3623 1343 3717 janue
1360 3618 1534 3696 Nandor·

427 3747 536 3840 Albe,
557 3748 658 3822 intus
676 3754 713 3822 et
732 3754 839 3822 extra
849 3748 896 3822 ad
916 3748 1008 3822 duas
1027 3748 1418 3844 portasoollooauerat
1436 3745 1535 3820 mili·

425 3883 494 3969 tes,
516 3881 553 3950 et
570 3873 731 3970 quilibet
747 3873 940 3970 pollicitus
959 3896 1041 3949 oum
1055 3875 1266 3970 juramento
1286 3874 1384 3948 foret
1401 3871 1536 3946 fidelis.

426 3999 584 4101 Oylling
603 3998 719 4096 Ispan
737 3997 955 4094 Alemanus‚
976 4022 1131 4095 eumque
1140 4000 1299 4076 vidisset
1317 3997 1534 4094 Hungaros,

426 4128 525 4224 quod
551 4126 664 4224 primi
693 4133 837 4222 essent,
870 4126 1016 4222 etipse
1044 4149 1127 4201 cum
1146 4125 1323 4202 comitiua
1351 4147 1419 4204 sua
1437 4131 1539 4200 esset

426 4277 588 4348 summa,
607 4253 648 4326 in
666 4273 793 4328 mense
811 4251 907 4330 Julii
926 4251 965 4326 in
984 4252 1043 4330 die
1063 4253 1199 4331 Martis
1218 4252 1257 4327 in
1284 4251 1433 4349 palacio
1452 4272 1536 4324 ver-

460 4503 492 4562 *l
506 4501 581 4558 Gru
597 4500 681 4558 Cilici
699 4499 794 4558 Ulrik.

462 4593 514 4655 ”l
527 4567 668 4648 dtamen
681 4609 699 4647 a
710 4589 841 4646 torokuk.

462 4682 533 4748 Μ)
547 4677 634 4736 lamet
646 4697 664 4735 a
676 4679 798 4738 torukok
811 4677 950 4736 drtetnak.
