<?xml version="1.0" encoding="UTF-8"?>
<!DOCTYPE html PUBLIC "-//W3C//DTD XHTML 1.0 Transitional//EN"
    "http://www.w3.org/TR/xhtml1/DTD/xhtml1-transitional.dtd">
<html xmlns="http://www.w3.org/1999/xhtml" xml:lang="en" lang="en">
 <head>
  <title>
</title>
<meta http-equiv="Content-Type" content="text/html;charset=utf-8" />
  <meta name='ocr-system' content='tesseract 3.04.00' />
  <meta name='ocr-capabilities' content='ocr_page ocr_carea ocr_par ocr_line ocrx_word'/>
</head>
<body>
  <div class='ocr_page' id='page_1' title='image "./emlkiratamagyar00wenzgoog_0289.png"; bbox 0 0 3238 5228; ppageno 0'>
   <div class='ocr_carea' id='block_1_1' title="bbox 411 483 489 602">
    <p class='ocr_par' dir='ltr' id='par_1_1' title="bbox 411 483 489 602">
     <span class='ocr_line' id='line_1_1' title="bbox 411 483 489 602; baseline -0.051 0"><span class='ocrx_word' id='word_1_1' title='bbox 411 483 489 602; x_wconf 69' lang='lat'>242.</span> 
     </span>
    </p>
   </div>
   <div class='ocr_carea' id='block_1_2' title="bbox 412 679 1544 1421">
    <p class='ocr_par' dir='ltr' id='par_1_2' title="bbox 412 679 1544 1421">
     <span class='ocr_line' id='line_1_2' title="bbox 413 679 1541 784; baseline -0.004 -23"><span class='ocrx_word' id='word_1_2' title='bbox 413 707 485 784; x_wconf 92' lang='lat' dir='ltr'>que</span> <span class='ocrx_word' id='word_1_3' title='bbox 503 681 551 758; x_wconf 88' lang='lat' dir='ltr'>ad</span> <span class='ocrx_word' id='word_1_4' title='bbox 569 704 638 760; x_wconf 81' lang='lat' dir='ltr'>ser</span> <span class='ocrx_word' id='word_1_5' title='bbox 657 680 738 757; x_wconf 85' lang='lat' dir='ltr'>dies</span> <span class='ocrx_word' id='word_1_6' title='bbox 756 679 883 758; x_wconf 91' lang='lat' dir='ltr'>Bricci</span> <span class='ocrx_word' id='word_1_7' title='bbox 913 679 1154 760; x_wconf 80' lang='lat' dir='ltr'>confessoris.</span> <span class='ocrx_word' id='word_1_8' title='bbox 1183 679 1236 758; x_wconf 83' lang='lat' dir='ltr'>Et</span> <span class='ocrx_word' id='word_1_9' title='bbox 1251 681 1350 760; x_wconf 87' lang='lat' dir='ltr'>inter</span> <span class='ocrx_word' id='word_1_10' title='bbox 1368 702 1438 758; x_wconf 87' lang='lat' dir='ltr'>sex</span> <span class='ocrx_word' id='word_1_11' title='bbox 1456 679 1541 757; x_wconf 88' lang='lat' dir='ltr'>dic-</span> 
     </span>
     <span class='ocr_line' id='line_1_3' title="bbox 412 808 1543 914; baseline -0.004 -26"><span class='ocrx_word' id='word_1_12' title='bbox 412 815 483 890; x_wconf 85' lang='lat' dir='ltr'>bus</span> <span class='ocrx_word' id='word_1_13' title='bbox 511 809 614 914; x_wconf 88' lang='lat' dir='ltr'>venit</span> <span class='ocrx_word' id='word_1_14' title='bbox 648 809 807 886; x_wconf 87' lang='lat' dir='ltr'>nuncius</span> <span class='ocrx_word' id='word_1_15' title='bbox 843 829 939 886; x_wconf 84' lang='lat' dir='ltr'>vnus</span> <span class='ocrx_word' id='word_1_16' title='bbox 976 809 1123 886; x_wconf 83' lang='lat' dir='ltr'>&#39;Purcus</span> <span class='ocrx_word' id='word_1_17' title='bbox 1151 809 1199 884; x_wconf 90' lang='lat' dir='ltr'>ad</span> <span class='ocrx_word' id='word_1_18' title='bbox 1223 810 1459 908; x_wconf 75' lang='lat' dir='ltr'>legacionem</span> <span class='ocrx_word' id='word_1_19' title='bbox 1487 808 1543 884; x_wconf 85' lang='lat' dir='ltr'>ad</span> 
     </span>
     <span class='ocr_line' id='line_1_4' title="bbox 413 935 1544 1036; baseline -0.003 -23"><span class='ocrx_word' id='word_1_20' title='bbox 413 938 556 1036; x_wconf 81' lang='lat' dir='ltr'>Regem</span> <span class='ocrx_word' id='word_1_21' title='bbox 594 937 781 1015; x_wconf 88' lang='lat' dir='ltr'>Joannem</span> <span class='ocrx_word' id='word_1_22' title='bbox 810 935 855 1011; x_wconf 89' lang='lat' dir='ltr'>de</span> <span class='ocrx_word' id='word_1_23' title='bbox 885 935 1174 1033; x_wconf 89' lang='lat' dir='ltr'>Mehmethbek,</span> <span class='ocrx_word' id='word_1_24' title='bbox 1213 944 1250 1011; x_wconf 89' lang='lat' dir='ltr'>et</span> <span class='ocrx_word' id='word_1_25' title='bbox 1277 935 1359 1013; x_wconf 86' lang='lat' dir='ltr'>Rex</span> <span class='ocrx_word' id='word_1_26' title='bbox 1395 957 1544 1036; x_wconf 79' lang='lat' dir='ltr'>pauper</span> 
     </span>
     <span class='ocr_line' id='line_1_5' title="bbox 413 1061 1542 1164; baseline -0.005 -22"><span class='ocrx_word' id='word_1_27' title='bbox 413 1066 523 1142; x_wconf 85' lang='lat' dir='ltr'>valde</span> <span class='ocrx_word' id='word_1_28' title='bbox 542 1066 780 1164; x_wconf 87' lang='lat' dir='ltr'>gratulabat,</span> <span class='ocrx_word' id='word_1_29' title='bbox 810 1063 898 1161; x_wconf 88' lang='lat' dir='ltr'>quia</span> <span class='ocrx_word' id='word_1_30' title='bbox 917 1063 1094 1140; x_wconf 81' lang='lat' dir='ltr'>audiebat</span> <span class='ocrx_word' id='word_1_31' title='bbox 1120 1062 1203 1140; x_wconf 83' lang='lat' dir='ltr'>Rex</span> <span class='ocrx_word' id='word_1_32' title='bbox 1221 1065 1260 1140; x_wconf 95' lang='lat' dir='ltr'>in</span> <span class='ocrx_word' id='word_1_33' title='bbox 1280 1063 1398 1160; x_wconf 87' lang='lat' dir='ltr'>Zegh,</span> <span class='ocrx_word' id='word_1_34' title='bbox 1428 1061 1542 1138; x_wconf 87' lang='lat' dir='ltr'>Meh-</span> 
     </span>
     <span class='ocr_line' id='line_1_6' title="bbox 414 1190 1543 1290; baseline -0.002 -22"><span class='ocrx_word' id='word_1_35' title='bbox 414 1195 498 1269; x_wconf 91' lang='lat' dir='ltr'>med</span> <span class='ocrx_word' id='word_1_36' title='bbox 515 1193 591 1270; x_wconf 88' lang='lat' dir='ltr'>bek</span> <span class='ocrx_word' id='word_1_37' title='bbox 611 1190 919 1290; x_wconf 85' lang='lat' dir='ltr'>quemadmodum</span> <span class='ocrx_word' id='word_1_38' title='bbox 930 1191 1083 1290; x_wconf 88' lang='lat' dir='ltr'>pervim</span> <span class='ocrx_word' id='word_1_39' title='bbox 1101 1199 1300 1289; x_wconf 87' lang='lat' dir='ltr'>acceperat</span> <span class='ocrx_word' id='word_1_40' title='bbox 1318 1191 1413 1266; x_wconf 86' lang='lat' dir='ltr'>duas</span> <span class='ocrx_word' id='word_1_41' title='bbox 1427 1213 1543 1266; x_wconf 84' lang='lat' dir='ltr'>arces</span> 
     </span>
     <span class='ocr_line' id='line_1_7' title="bbox 415 1313 1542 1421; baseline -0.003 -27"><span class='ocrx_word' id='word_1_42' title='bbox 415 1319 539 1394; x_wconf 89' lang='lat' dir='ltr'>Beche</span> <span class='ocrx_word' id='word_1_43' title='bbox 559 1315 627 1421; x_wconf 89' lang='lat' dir='ltr'>(et)</span> <span class='ocrx_word' id='word_1_44' title='bbox 653 1316 891 1393; x_wconf 82' lang='lat' dir='ltr'>Beohlrerek.</span> <span class='ocrx_word' id='word_1_45' title='bbox 922 1315 1037 1391; x_wconf 87' lang='lat' dir='ltr'>Dedit</span> <span class='ocrx_word' id='word_1_46' title='bbox 1064 1315 1204 1392; x_wconf 86' lang='lat' dir='ltr'>Joanni</span> <span class='ocrx_word' id='word_1_47' title='bbox 1233 1313 1330 1412; x_wconf 83' lang='lat' dir='ltr'>Regi</span> <span class='ocrx_word' id='word_1_48' title='bbox 1359 1317 1398 1391; x_wconf 93' lang='lat' dir='ltr'>in</span> <span class='ocrx_word' id='word_1_49' title='bbox 1426 1315 1542 1410; x_wconf 88' lang='lat' dir='ltr'>dono,</span> 
     </span>
    </p>
   </div>
   <div class='ocr_carea' id='block_1_3' title="bbox 414 1444 984 1542">
    <p class='ocr_par' dir='ltr' id='par_1_3' title="bbox 414 1444 984 1542">
     <span class='ocr_line' id='line_1_8' title="bbox 414 1444 984 1542; baseline -0.009 -20"><span class='ocrx_word' id='word_1_50' title='bbox 414 1453 451 1522; x_wconf 88' lang='lat' dir='ltr'>et</span> <span class='ocrx_word' id='word_1_51' title='bbox 469 1445 550 1521; x_wconf 87' lang='lat' dir='ltr'>Rex</span> <span class='ocrx_word' id='word_1_52' title='bbox 568 1448 666 1522; x_wconf 93' lang='lat' dir='ltr'>bono</span> <span class='ocrx_word' id='word_1_53' title='bbox 685 1445 810 1522; x_wconf 86' lang='lat' dir='ltr'>animo</span> <span class='ocrx_word' id='word_1_54' title='bbox 828 1444 984 1542; x_wconf 85' lang='lat' dir='ltr'>accepit.</span> 
     </span>
    </p>
   </div>
   <div class='ocr_carea' id='block_1_4' title="bbox 729 1679 1301 1839">
    <p class='ocr_par' dir='ltr' id='par_1_4' title="bbox 729 1679 1301 1839">
     <span class='ocr_line' id='line_1_9' title="bbox 729 1679 1301 1839; baseline -0.01 -25"><span class='ocrx_word' id='word_1_55' title='bbox 729 1731 1063 1839; x_wconf 80' lang='lat' dir='ltr'>(clnrrunuu</span> <span class='ocrx_word' id='word_1_56' title='bbox 1091 1729 1230 1836; x_wconf 82' lang='lat' dir='ltr'>Lxx).</span> <span class='ocrx_word' id='word_1_57' title='bbox 1295 1679 1301 1686; x_wconf 66' lang='grc'>’</span> 
     </span>
    </p>
   </div>
   <div class='ocr_carea' id='block_1_5' title="bbox 412 1947 1598 4840">
    <p class='ocr_par' dir='ltr' id='par_1_5' title="bbox 412 1947 1598 4840">
     <span class='ocr_line' id='line_1_10' title="bbox 523 1947 1542 2050; baseline -0.003 -23"><span class='ocrx_word' id='word_1_58' title='bbox 523 1953 574 2027; x_wconf 89' lang='lat' dir='ltr'>Et</span> <span class='ocrx_word' id='word_1_59' title='bbox 588 1952 703 2050; x_wconf 88' lang='lat' dir='ltr'>jussit</span> <span class='ocrx_word' id='word_1_60' title='bbox 720 1949 803 2028; x_wconf 86' lang='lat' dir='ltr'>Rex</span> <span class='ocrx_word' id='word_1_61' title='bbox 823 1951 871 2027; x_wconf 89' lang='lat' dir='ltr'>ad</span> <span class='ocrx_word' id='word_1_62' title='bbox 890 1949 1163 2044; x_wconf 89' lang='lat' dir='ltr'>Mehmedbek,</span> <span class='ocrx_word' id='word_1_63' title='bbox 1190 1956 1232 2024; x_wconf 84' lang='lat' dir='ltr'>vt</span> <span class='ocrx_word' id='word_1_64' title='bbox 1250 1949 1397 2025; x_wconf 88' lang='lat' dir='ltr'>veniret</span> <span class='ocrx_word' id='word_1_65' title='bbox 1415 1947 1465 2024; x_wconf 88' lang='lat' dir='ltr'>ad</span> <span class='ocrx_word' id='word_1_66' title='bbox 1483 1949 1542 2024; x_wconf 90' lang='lat' dir='ltr'>lo-</span> 
     </span>
     <span class='ocr_line' id='line_1_11' title="bbox 417 2074 1541 2178; baseline -0.004 -24"><span class='ocrx_word' id='word_1_67' title='bbox 417 2102 499 2154; x_wconf 89' lang='lat' dir='ltr'>cum</span> <span class='ocrx_word' id='word_1_68' title='bbox 519 2084 812 2176; x_wconf 85' lang='lat' dir='ltr'>competentem,</span> <span class='ocrx_word' id='word_1_69' title='bbox 833 2074 924 2178; x_wconf 63' lang='lat' dir='ltr'>⁷¹·ll·</span> <span class='ocrx_word' id='word_1_70' title='bbox 956 2077 1044 2174; x_wconf 89' lang='lat' dir='ltr'>quia</span> <span class='ocrx_word' id='word_1_71' title='bbox 1072 2075 1316 2152; x_wconf 87' lang='lat' dir='ltr'>Mehmetbek</span> <span class='ocrx_word' id='word_1_72' title='bbox 1343 2083 1426 2151; x_wconf 86' lang='lat' dir='ltr'>erat</span> <span class='ocrx_word' id='word_1_73' title='bbox 1451 2097 1541 2174; x_wconf 90' lang='lat' dir='ltr'>pre-</span> 
     </span>
     <span class='ocr_line' id='line_1_12' title="bbox 417 2199 1541 2304; baseline -0.005 -22"><span class='ocrx_word' id='word_1_74' title='bbox 417 2212 570 2304; x_wconf 85' lang='lat' dir='ltr'>paratus</span> <span class='ocrx_word' id='word_1_75' title='bbox 604 2226 686 2279; x_wconf 91' lang='lat' dir='ltr'>cnm</span> <span class='ocrx_word' id='word_1_76' title='bbox 723 2211 835 2300; x_wconf 87' lang='lat' dir='ltr'>gente</span> <span class='ocrx_word' id='word_1_77' title='bbox 864 2201 991 2278; x_wconf 84' lang='lat' dir='ltr'>Turea</span> <span class='ocrx_word' id='word_1_78' title='bbox 1019 2201 1069 2278; x_wconf 88' lang='lat' dir='ltr'>ad</span> <span class='ocrx_word' id='word_1_79' title='bbox 1095 2201 1367 2278; x_wconf 81' lang='lat' dir='ltr'>defendendum</span> <span class='ocrx_word' id='word_1_80' title='bbox 1394 2199 1541 2297; x_wconf 89' lang='lat' dir='ltr'>Regem</span> 
     </span>
     <span class='ocr_line' id='line_1_13' title="bbox 416 2328 1542 2428; baseline -0.004 -21"><span class='ocrx_word' id='word_1_81' title='bbox 416 2332 442 2408; x_wconf 87' lang='lat' dir='ltr'>J</span> <span class='ocrx_word' id='word_1_82' title='bbox 445 2353 600 2426; x_wconf 87' lang='lat' dir='ltr'>oannem</span> <span class='ocrx_word' id='word_1_83' title='bbox 619 2337 774 2428; x_wconf 90' lang='lat' dir='ltr'>propter</span> <span class='ocrx_word' id='word_1_84' title='bbox 793 2328 1058 2406; x_wconf 87' lang='lat' dir='ltr'>aduersitatem</span> <span class='ocrx_word' id='word_1_85' title='bbox 1075 2328 1210 2426; x_wconf 78' lang='lat' dir='ltr'>partis3</span> <span class='ocrx_word' id='word_1_86' title='bbox 1231 2329 1321 2426; x_wconf 90' lang='lat' dir='ltr'>quia</span> <span class='ocrx_word' id='word_1_87' title='bbox 1338 2349 1542 2426; x_wconf 77' lang='lat' dir='ltr'>precursor</span> 
     </span>
     <span class='ocr_line' id='line_1_14' title="bbox 415 2454 1542 2552; baseline -0.004 -18"><span class='ocrx_word' id='word_1_88' title='bbox 415 2458 564 2535; x_wconf 84' lang='lat' dir='ltr'>ancus</span> <span class='ocrx_word' id='word_1_89' title='bbox 600 2457 723 2532; x_wconf 88' lang='lat' dir='ltr'>adhue</span> <span class='ocrx_word' id='word_1_90' title='bbox 751 2455 796 2532; x_wconf 92' lang='lat' dir='ltr'>de</span> <span class='ocrx_word' id='word_1_91' title='bbox 825 2456 1021 2552; x_wconf 87' lang='lat' dir='ltr'>Hnngwar</span> <span class='ocrx_word' id='word_1_92' title='bbox 1058 2456 1175 2532; x_wconf 85' lang='lat' dir='ltr'>misus</span> <span class='ocrx_word' id='word_1_93' title='bbox 1213 2464 1295 2532; x_wconf 84' lang='lat' dir='ltr'>erat</span> <span class='ocrx_word' id='word_1_94' title='bbox 1331 2454 1542 2552; x_wconf 86' lang='lat' dir='ltr'>Hungarus</span> 
     </span>
     <span class='ocr_line' id='line_1_15' title="bbox 414 2581 1539 2680; baseline -0.005 -18"><span class='ocrx_word' id='word_1_95' title='bbox 414 2585 562 2662; x_wconf 78' lang='lat' dir='ltr'>Turnus</span> <span class='ocrx_word' id='word_1_96' title='bbox 580 2607 713 2662; x_wconf 89' lang='lat' dir='ltr'>versus</span> <span class='ocrx_word' id='word_1_97' title='bbox 734 2584 782 2661; x_wconf 87' lang='lat' dir='ltr'>ad</span> <span class='ocrx_word' id='word_1_98' title='bbox 808 2582 1067 2680; x_wconf 87' lang='lat' dir='ltr'>Mchmetbek,</span> <span class='ocrx_word' id='word_1_99' title='bbox 1087 2589 1129 2658; x_wconf 84' lang='lat' dir='ltr'>rt</span> <span class='ocrx_word' id='word_1_100' title='bbox 1146 2589 1333 2680; x_wconf 79' lang='lat' dir='ltr'>spectaret</span> <span class='ocrx_word' id='word_1_101' title='bbox 1349 2581 1539 2658; x_wconf 85' lang='lat' dir='ltr'>Joannem</span> 
     </span>
     <span class='ocr_line' id='line_1_16' title="bbox 416 2691 1542 2810; baseline -0.002 -24"><span class='ocrx_word' id='word_1_102' title='bbox 416 2691 560 2808; x_wconf 87' lang='lat' dir='ltr'>Regem</span> <span class='ocrx_word' id='word_1_103' title='bbox 588 2713 636 2788; x_wconf 85' lang='lat' dir='ltr'>ad</span> <span class='ocrx_word' id='word_1_104' title='bbox 663 2711 794 2788; x_wconf 88' lang='lat' dir='ltr'>Mako.</span> <span class='ocrx_word' id='word_1_105' title='bbox 833 2709 1078 2809; x_wconf 83' lang='lat' dir='ltr'>Oompentem</span> <span class='ocrx_word' id='word_1_106' title='bbox 1105 2711 1228 2786; x_wconf 89' lang='lat' dir='ltr'>locum</span> <span class='ocrx_word' id='word_1_107' title='bbox 1262 2721 1542 2810; x_wconf 86' lang='lat' dir='ltr'>proposuerunt</span> 
     </span>
     <span class='ocr_line' id='line_1_17' title="bbox 412 2835 1541 2937; baseline -0.002 -23"><span class='ocrx_word' id='word_1_108' title='bbox 412 2841 524 2936; x_wconf 84' lang='lat' dir='ltr'>juxta</span> <span class='ocrx_word' id='word_1_109' title='bbox 542 2840 716 2916; x_wconf 88' lang='lat' dir='ltr'>villulam</span> <span class='ocrx_word' id='word_1_110' title='bbox 746 2837 902 2937; x_wconf 79' lang='lat' dir='ltr'>Thape,</span> <span class='ocrx_word' id='word_1_111' title='bbox 932 2838 996 2914; x_wconf 88' lang='lat' dir='ltr'>vbi</span> <span class='ocrx_word' id='word_1_112' title='bbox 1024 2836 1161 2912; x_wconf 84' lang='lat' dir='ltr'>vadum</span> <span class='ocrx_word' id='word_1_113' title='bbox 1179 2844 1237 2914; x_wconf 89' lang='lat' dir='ltr'>est</span> <span class='ocrx_word' id='word_1_114' title='bbox 1264 2859 1379 2936; x_wconf 87' lang='lat' dir='ltr'>super</span> <span class='ocrx_word' id='word_1_115' title='bbox 1406 2835 1541 2912; x_wconf 90' lang='lat' dir='ltr'>dnium</span> 
     </span>
     <span class='ocr_line' id='line_1_18' title="bbox 416 2962 1541 3064; baseline 0.001 -26"><span class='ocrx_word' id='word_1_116' title='bbox 416 2963 563 3060; x_wconf 76' lang='lat' dir='ltr'>Titidio,</span> <span class='ocrx_word' id='word_1_117' title='bbox 584 2987 631 3040; x_wconf 84' lang='lat' dir='ltr'>ex</span> <span class='ocrx_word' id='word_1_118' title='bbox 650 2965 722 3040; x_wconf 91' lang='lat' dir='ltr'>hac</span> <span class='ocrx_word' id='word_1_119' title='bbox 740 2971 847 3064; x_wconf 90' lang='lat' dir='ltr'>parte</span> <span class='ocrx_word' id='word_1_120' title='bbox 867 2962 1007 3060; x_wconf 88' lang='lat' dir='ltr'>Mako;</span> <span class='ocrx_word' id='word_1_121' title='bbox 1036 2964 1077 3038; x_wconf 92' lang='lat' dir='ltr'>in</span> <span class='ocrx_word' id='word_1_122' title='bbox 1095 2963 1281 3040; x_wconf 88' lang='lat' dir='ltr'>dominico</span> <span class='ocrx_word' id='word_1_123' title='bbox 1308 2963 1369 3038; x_wconf 91' lang='lat' dir='ltr'>die</span> <span class='ocrx_word' id='word_1_124' title='bbox 1397 2986 1541 3064; x_wconf 88' lang='lat' dir='ltr'>propo-</span> 
     </span>
     <span class='ocr_line' id='line_1_19' title="bbox 415 3088 1540 3168; baseline -0.001 -1"><span class='ocrx_word' id='word_1_125' title='bbox 415 3097 568 3167; x_wconf 88' lang='lat' dir='ltr'>suerant</span> <span class='ocrx_word' id='word_1_126' title='bbox 587 3091 832 3167; x_wconf 86' lang='lat' dir='ltr'>adventuram</span> <span class='ocrx_word' id='word_1_127' title='bbox 851 3091 889 3166; x_wconf 92' lang='lat' dir='ltr'>in</span> <span class='ocrx_word' id='word_1_128' title='bbox 909 3091 969 3168; x_wconf 92' lang='lat' dir='ltr'>die</span> <span class='ocrx_word' id='word_1_129' title='bbox 989 3097 1124 3166; x_wconf 88' lang='lat' dir='ltr'>octaua</span> <span class='ocrx_word' id='word_1_130' title='bbox 1143 3091 1253 3166; x_wconf 89' lang='lat' dir='ltr'>Beati</span> <span class='ocrx_word' id='word_1_131' title='bbox 1272 3088 1430 3166; x_wconf 91' lang='lat' dir='ltr'>Martini</span> <span class='ocrx_word' id='word_1_132' title='bbox 1448 3113 1540 3166; x_wconf 92' lang='lat' dir='ltr'>con-</span> 
     </span>
     <span class='ocr_line' id='line_1_20' title="bbox 415 3215 1540 3314; baseline 0 -24"><span class='ocrx_word' id='word_1_133' title='bbox 415 3217 583 3294; x_wconf 85' lang='lat' dir='ltr'>fessoris.</span> <span class='ocrx_word' id='word_1_134' title='bbox 613 3216 665 3290; x_wconf 89' lang='lat' dir='ltr'>Et</span> <span class='ocrx_word' id='word_1_135' title='bbox 678 3219 758 3314; x_wconf 90' lang='lat' dir='ltr'>jam</span> <span class='ocrx_word' id='word_1_136' title='bbox 787 3216 872 3291; x_wconf 86' lang='lat' dir='ltr'>Rex</span> <span class='ocrx_word' id='word_1_137' title='bbox 890 3215 1060 3294; x_wconf 87' lang='lat' dir='ltr'>Joannes</span> <span class='ocrx_word' id='word_1_138' title='bbox 1087 3217 1240 3292; x_wconf 78' lang='lat' dir='ltr'>volebat</span> <span class='ocrx_word' id='word_1_139' title='bbox 1258 3215 1306 3290; x_wconf 89' lang='lat' dir='ltr'>ad</span> <span class='ocrx_word' id='word_1_140' title='bbox 1323 3223 1540 3314; x_wconf 87' lang='lat' dir='ltr'>competen-</span> 
     </span>
     <span class='ocr_line' id='line_1_21' title="bbox 414 3341 1539 3441; baseline -0.002 -23"><span class='ocrx_word' id='word_1_141' title='bbox 414 3353 489 3418; x_wconf 88' lang='lat' dir='ltr'>tem</span> <span class='ocrx_word' id='word_1_142' title='bbox 517 3342 614 3416; x_wconf 91' lang='lat' dir='ltr'>diem</span> <span class='ocrx_word' id='word_1_143' title='bbox 634 3342 688 3416; x_wconf 90' lang='lat' dir='ltr'>ire</span> <span class='ocrx_word' id='word_1_144' title='bbox 708 3351 745 3417; x_wconf 90' lang='lat' dir='ltr'>et</span> <span class='ocrx_word' id='word_1_145' title='bbox 763 3342 927 3416; x_wconf 85' lang='lat' dir='ltr'>maxima</span> <span class='ocrx_word' id='word_1_146' title='bbox 955 3342 1027 3418; x_wconf 88' lang='lat' dir='ltr'>duo</span> <span class='ocrx_word' id='word_1_147' title='bbox 1056 3341 1220 3420; x_wconf 89' lang='lat' dir='ltr'>miliaria</span> <span class='ocrx_word' id='word_1_148' title='bbox 1247 3343 1463 3441; x_wconf 88' lang='lat' dir='ltr'>pertinebat</span> <span class='ocrx_word' id='word_1_149' title='bbox 1491 3343 1539 3416; x_wconf 86' lang='lat' dir='ltr'>ad</span> 
     </span>
     <span class='ocr_line' id='line_1_22' title="bbox 416 3467 1541 3568; baseline 0 -24"><span class='ocrx_word' id='word_1_150' title='bbox 416 3469 545 3546; x_wconf 88' lang='lat' dir='ltr'>lllako.</span> <span class='ocrx_word' id='word_1_151' title='bbox 566 3467 651 3544; x_wconf 85' lang='lat' dir='ltr'>Rex</span> <span class='ocrx_word' id='word_1_152' title='bbox 668 3474 893 3568; x_wconf 86' lang='lat' dir='ltr'>preceperat</span> <span class='ocrx_word' id='word_1_153' title='bbox 912 3468 1159 3566; x_wconf 81' lang='lat' dir='ltr'>optimatibus</span> <span class='ocrx_word' id='word_1_154' title='bbox 1186 3467 1478 3566; x_wconf 87' lang='lat' dir='ltr'>Hungarorum,</span> <span class='ocrx_word' id='word_1_155' title='bbox 1499 3479 1541 3544; x_wconf 84' lang='lat' dir='ltr'>vt</span> 
     </span>
     <span class='ocr_line' id='line_1_23' title="bbox 417 3593 1539 3695; baseline 0.002 -25"><span class='ocrx_word' id='word_1_156' title='bbox 417 3601 664 3695; x_wconf 85' lang='lat' dir='ltr'>prepararent</span> <span class='ocrx_word' id='word_1_157' title='bbox 691 3618 776 3672; x_wconf 88' lang='lat' dir='ltr'>sese</span> <span class='ocrx_word' id='word_1_158' title='bbox 804 3617 888 3670; x_wconf 90' lang='lat' dir='ltr'>oum</span> <span class='ocrx_word' id='word_1_159' title='bbox 916 3593 1022 3691; x_wconf 86' lang='lat' dir='ltr'>Rege</span> <span class='ocrx_word' id='word_1_160' title='bbox 1051 3595 1219 3692; x_wconf 83' lang='lat' dir='ltr'>equitare</span> <span class='ocrx_word' id='word_1_161' title='bbox 1247 3617 1339 3692; x_wconf 91' lang='lat' dir='ltr'>erga</span> <span class='ocrx_word' id='word_1_162' title='bbox 1370 3595 1539 3673; x_wconf 71' lang='lat' dir='ltr'>&#39;l&#39;urcum</span> 
     </span>
     <span class='ocr_line' id='line_1_24' title="bbox 415 3719 1538 3822; baseline 0.002 -24"><span class='ocrx_word' id='word_1_163' title='bbox 415 3722 671 3799; x_wconf 87' lang='lat' dir='ltr'>Mehmetbek.</span> <span class='ocrx_word' id='word_1_164' title='bbox 692 3719 861 3818; x_wconf 81' lang='lat' dir='ltr'>Cumque</span> <span class='ocrx_word' id='word_1_165' title='bbox 878 3721 1070 3797; x_wconf 86' lang='lat' dir='ltr'>audissent</span> <span class='ocrx_word' id='word_1_166' title='bbox 1088 3721 1226 3798; x_wconf 92' lang='lat' dir='ltr'>domini</span> <span class='ocrx_word' id='word_1_167' title='bbox 1245 3721 1431 3818; x_wconf 89' lang='lat' dir='ltr'>Hungari,</span> <span class='ocrx_word' id='word_1_168' title='bbox 1450 3747 1538 3822; x_wconf 89' lang='lat' dir='ltr'>per·</span> 
     </span>
     <span class='ocr_line' id='line_1_25' title="bbox 416 3847 1539 3946; baseline 0 -20"><span class='ocrx_word' id='word_1_169' title='bbox 416 3849 537 3926; x_wconf 90' lang='lat' dir='ltr'>territi</span> <span class='ocrx_word' id='word_1_170' title='bbox 556 3858 684 3946; x_wconf 87' lang='lat' dir='ltr'>erant,</span> <span class='ocrx_word' id='word_1_171' title='bbox 705 3857 742 3926; x_wconf 91' lang='lat' dir='ltr'>et</span> <span class='ocrx_word' id='word_1_172' title='bbox 760 3848 935 3927; x_wconf 90' lang='lat' dir='ltr'>dicebant</span> <span class='ocrx_word' id='word_1_173' title='bbox 955 3877 963 3924; x_wconf 92' lang='lat'>:</span> <span class='ocrx_word' id='word_1_174' title='bbox 989 3849 1113 3946; x_wconf 84' lang='lat' dir='ltr'>„Ecce</span> <span class='ocrx_word' id='word_1_175' title='bbox 1132 3872 1255 3926; x_wconf 91' lang='lat' dir='ltr'>nonne</span> <span class='ocrx_word' id='word_1_176' title='bbox 1272 3850 1368 3925; x_wconf 88' lang='lat' dir='ltr'>bene</span> <span class='ocrx_word' id='word_1_177' title='bbox 1386 3847 1539 3926; x_wconf 82' lang='lat' dir='ltr'>diceba-</span> 
     </span>
     <span class='ocr_line' id='line_1_26' title="bbox 417 3975 1537 4076; baseline 0 -24"><span class='ocrx_word' id='word_1_178' title='bbox 417 4001 519 4074; x_wconf 83' lang='lat' dir='ltr'>mna,</span> <span class='ocrx_word' id='word_1_179' title='bbox 549 3977 647 4076; x_wconf 91' lang='lat' dir='ltr'>quod</span> <span class='ocrx_word' id='word_1_180' title='bbox 675 4000 744 4054; x_wconf 90' lang='lat' dir='ltr'>nos</span> <span class='ocrx_word' id='word_1_181' title='bbox 770 3975 893 4052; x_wconf 87' lang='lat' dir='ltr'>tradet</span> <span class='ocrx_word' id='word_1_182' title='bbox 920 3975 1067 4052; x_wconf 91' lang='lat' dir='ltr'>demum</span> <span class='ocrx_word' id='word_1_183' title='bbox 1085 3977 1134 4052; x_wconf 90' lang='lat' dir='ltr'>ad</span> <span class='ocrx_word' id='word_1_184' title='bbox 1152 3999 1284 4053; x_wconf 89' lang='lat' dir='ltr'>manus</span> <span class='ocrx_word' id='word_1_185' title='bbox 1310 3975 1537 4056; x_wconf 82' lang='lat' dir='ltr'>&#39;Parcarum</span> 
     </span>
     <span class='ocr_line' id='line_1_27' title="bbox 416 4101 1536 4201; baseline 0.003 -23"><span class='ocrx_word' id='word_1_186' title='bbox 416 4103 491 4178; x_wconf 81' lang='lat' dir='ltr'>Eat</span> <span class='ocrx_word' id='word_1_187' title='bbox 508 4103 542 4180; x_wconf 92' lang='lat' dir='ltr'>si</span> <span class='ocrx_word' id='word_1_188' title='bbox 557 4103 684 4201; x_wconf 87' lang='lat' dir='ltr'>placet</span> <span class='ocrx_word' id='word_1_189' title='bbox 701 4103 837 4179; x_wconf 81' lang='lat' dir='ltr'>sibi—</span> <span class='ocrx_word' id='word_1_190' title='bbox 846 4125 966 4200; x_wconf 87' lang='lat' dir='ltr'>perse</span> <span class='ocrx_word' id='word_1_191' title='bbox 978 4102 1135 4201; x_wconf 92' lang='lat' dir='ltr'>quilibet</span> <span class='ocrx_word' id='word_1_192' title='bbox 1157 4101 1366 4180; x_wconf 85' lang='lat' dir='ltr'>dicebat-</span> <span class='ocrx_word' id='word_1_193' title='bbox 1376 4125 1449 4201; x_wconf 86' lang='lat' dir='ltr'>ego</span> <span class='ocrx_word' id='word_1_194' title='bbox 1459 4129 1536 4181; x_wconf 90' lang='lat' dir='ltr'>nou</span> 
     </span>
     <span class='ocr_line' id='line_1_28' title="bbox 414 4203 1537 4326; baseline 0.004 -23"><span class='ocrx_word' id='word_1_195' title='bbox 414 4229 512 4306; x_wconf 84' lang='lat' dir='ltr'>ibo.“</span> <span class='ocrx_word' id='word_1_196' title='bbox 535 4227 618 4304; x_wconf 91' lang='lat' dir='ltr'>Hec</span> <span class='ocrx_word' id='word_1_197' title='bbox 636 4203 719 4304; x_wconf 83' lang='lat' dir='ltr'>cum</span> <span class='ocrx_word' id='word_1_198' title='bbox 738 4227 822 4304; x_wconf 86' lang='lat' dir='ltr'>Rex</span> <span class='ocrx_word' id='word_1_199' title='bbox 841 4228 1011 4306; x_wconf 87' lang='lat' dir='ltr'>Joannes</span> <span class='ocrx_word' id='word_1_200' title='bbox 1030 4229 1208 4326; x_wconf 78' lang='lat' dir='ltr'>audisset,</span> <span class='ocrx_word' id='word_1_201' title='bbox 1227 4228 1311 4306; x_wconf 86' lang='lat' dir='ltr'>Rex</span> <span class='ocrx_word' id='word_1_202' title='bbox 1329 4229 1369 4304; x_wconf 93' lang='lat' dir='ltr'>in</span> <span class='ocrx_word' id='word_1_203' title='bbox 1386 4253 1428 4306; x_wconf 89' lang='lat' dir='ltr'>sc</span> <span class='ocrx_word' id='word_1_204' title='bbox 1448 4253 1537 4308; x_wconf 83' lang='lat' dir='ltr'>mox</span> 
     </span>
     <span class='ocr_line' id='line_1_29' title="bbox 415 4349 1598 4456; baseline 0.002 -24"><span class='ocrx_word' id='word_1_205' title='bbox 415 4357 567 4434; x_wconf 90' lang='lat' dir='ltr'>nimium</span> <span class='ocrx_word' id='word_1_206' title='bbox 585 4357 625 4434; x_wconf 92' lang='lat' dir='ltr'>in</span> <span class='ocrx_word' id='word_1_207' title='bbox 643 4379 789 4434; x_wconf 89' lang='lat' dir='ltr'>merore</span> <span class='ocrx_word' id='word_1_208' title='bbox 818 4355 959 4434; x_wconf 88' lang='lat' dir='ltr'>doloris</span> <span class='ocrx_word' id='word_1_209' title='bbox 986 4356 1110 4435; x_wconf 83' lang='lat' dir='ltr'>luerat</span> <span class='ocrx_word' id='word_1_210' title='bbox 1138 4359 1423 4456; x_wconf 84' lang='lat' dir='ltr'>mancipabatns</span> <span class='ocrx_word' id='word_1_211' title='bbox 1441 4367 1480 4434; x_wconf 88' lang='lat' dir='ltr'>et</span> <span class='ocrx_word' id='word_1_212' title='bbox 1498 4359 1536 4434; x_wconf 91' lang='lat' dir='ltr'>in</span> <span class='ocrx_word' id='word_1_213' title='bbox 1597 4349 1598 4355; x_wconf 49' lang='lat'>‘</span> 
     </span>
     <span class='ocr_line' id='line_1_30' title="bbox 416 4463 1597 4583; baseline 0.006 -26"><span class='ocrx_word' id='word_1_214' title='bbox 416 4483 584 4583; x_wconf 89' lang='lat' dir='ltr'>hospicio</span> <span class='ocrx_word' id='word_1_215' title='bbox 603 4485 643 4562; x_wconf 94' lang='lat' dir='ltr'>in</span> <span class='ocrx_word' id='word_1_216' title='bbox 670 4491 801 4582; x_wconf 73' lang='lat' dir='ltr'>cordo,</span> <span class='ocrx_word' id='word_1_217' title='bbox 830 4483 902 4561; x_wconf 91' lang='lat' dir='ltr'>hoc</span> <span class='ocrx_word' id='word_1_218' title='bbox 920 4493 978 4561; x_wconf 90' lang='lat' dir='ltr'>est</span> <span class='ocrx_word' id='word_1_219' title='bbox 996 4485 1035 4560; x_wconf 90' lang='lat' dir='ltr'>in</span> <span class='ocrx_word' id='word_1_220' title='bbox 1054 4485 1253 4563; x_wconf 84' lang='lat' dir='ltr'>refectorio</span> <span class='ocrx_word' id='word_1_221' title='bbox 1280 4506 1397 4583; x_wconf 87' lang='lat' dir='ltr'>passu</span> <span class='ocrx_word' id='word_1_222' title='bbox 1417 4483 1534 4564; x_wconf 87' lang='lat' dir='ltr'>habe-</span> <span class='ocrx_word' id='word_1_223' title='bbox 1596 4463 1597 4471; x_wconf 11' lang='grc' dir='ltr'><strong><em>Ν</em></strong></span> 
     </span>
     <span class='ocr_line' id='line_1_31' title="bbox 415 4611 1595 4714; baseline 0 -26"><span class='ocrx_word' id='word_1_224' title='bbox 415 4612 480 4688; x_wconf 81' lang='lat' dir='ltr'>bat</span> <span class='ocrx_word' id='word_1_225' title='bbox 496 4635 565 4710; x_wconf 92' lang='lat' dir='ltr'>pro</span> <span class='ocrx_word' id='word_1_226' title='bbox 584 4614 725 4714; x_wconf 90' lang='lat' dir='ltr'>spacio.</span> <span class='ocrx_word' id='word_1_227' title='bbox 756 4613 808 4690; x_wconf 89' lang='lat' dir='ltr'>Et</span> <span class='ocrx_word' id='word_1_228' title='bbox 826 4613 865 4689; x_wconf 92' lang='lat' dir='ltr'>in</span> <span class='ocrx_word' id='word_1_229' title='bbox 884 4613 1054 4692; x_wconf 85' lang='lat' dir='ltr'>manibus</span> <span class='ocrx_word' id='word_1_230' title='bbox 1081 4635 1223 4714; x_wconf 90' lang='lat' dir='ltr'>paruus</span> <span class='ocrx_word' id='word_1_231' title='bbox 1250 4611 1448 4710; x_wconf 86' lang='lat' dir='ltr'>flagellnnt</span> <span class='ocrx_word' id='word_1_232' title='bbox 1466 4613 1534 4689; x_wconf 86' lang='lat' dir='ltr'>ha·</span> <span class='ocrx_word' id='word_1_233' title='bbox 1594 4699 1595 4703; x_wconf 8' lang='grc' dir='ltr'><strong><em>Ν</em></strong></span> 
     </span>
     <span class='ocr_line' id='line_1_32' title="bbox 412 4737 1594 4840; baseline 0.004 -26"><span class='ocrx_word' id='word_1_234' title='bbox 412 4737 545 4836; x_wconf 81' lang='lat' dir='ltr'>bebai,</span> <span class='ocrx_word' id='word_1_235' title='bbox 584 4763 630 4815; x_wconf 89' lang='lat' dir='ltr'>ac</span> <span class='ocrx_word' id='word_1_236' title='bbox 657 4740 824 4820; x_wconf 86' lang='lat' dir='ltr'>anhelito</span> <span class='ocrx_word' id='word_1_237' title='bbox 862 4763 1007 4820; x_wconf 88' lang='lat' dir='ltr'>merore</span> <span class='ocrx_word' id='word_1_238' title='bbox 1035 4741 1183 4819; x_wconf 87' lang='lat' dir='ltr'>dicebat</span> <span class='ocrx_word' id='word_1_239' title='bbox 1212 4769 1221 4816; x_wconf 92' lang='lat'>:</span> <span class='ocrx_word' id='word_1_240' title='bbox 1255 4737 1313 4840; x_wconf 87' lang='lat'>,0</span> <span class='ocrx_word' id='word_1_241' title='bbox 1343 4741 1470 4838; x_wconf 82' lang='lat' dir='ltr'>Deus,</span> <span class='ocrx_word' id='word_1_242' title='bbox 1500 4741 1534 4819; x_wconf 90' lang='lat' dir='ltr'>si</span> <span class='ocrx_word' id='word_1_243' title='bbox 1593 4791 1594 4819; x_wconf 50' lang='lat' dir='ltr'>r</span> 
     </span>
    </p>
   </div>
   <div class='ocr_carea' id='block_1_6' title="bbox 0 0 1624 5228">
    <p class='ocr_par' dir='ltr' id='par_1_6' title="bbox 0 0 1624 5228">
     <span class='ocr_line' id='line_1_33' title="bbox 0 0 1624 5228; baseline 0 0"><span class='ocrx_word' id='word_1_244' title='bbox 0 0 1624 5228; x_wconf 95' lang='lat' dir='ltr'> </span> 
     </span>
    </p>
   </div>
  </div>
 </body>
</html>
