3248 5210
389 454 449 536 ’68

303 719 305 728 ,
398 660 564 738 diensem
589 659 748 736 ducenta
776 657 938 738 florenos
965 668 1119 760 propter
1145 663 1372 762 pugillarem
1391 687 1514 742 meum

394 791 504 887 juxta
522 785 632 862 fidem
660 784 918 864 Christianam
936 810 1019 865 cum
1038 787 1270 866 Ismaelitico
1290 791 1447 889 Turko,
1477 801 1516 870 et

399 936 548 991 manum
576 934 659 989 oum
686 913 830 990 framea
848 936 916 990 sua
944 915 1135 993 dexteram
1164 925 1515 1018 representaueram

398 1042 518 1140 Regis
546 1040 757 1138 Majestati,
787 1047 825 1116 et
851 1042 1003 1140 insuper
1030 1042 1173 1119 illicitis
1199 1043 1326 1122 verbis
1360 1069 1418 1120 me
1457 1047 1516 1126 in-

399 1169 577 1268 crepauit.
614 1167 781 1244 Audiens
809 1167 1114 1268 archiepiscopus
1142 1172 1194 1246 ait
1230 1170 1279 1246 od
1307 1170 1518 1270 Georgium

400 1298 582 1373 militem:
607 1296 770 1394 ,Accipe
798 1304 966 1373 sanctam
993 1319 1139 1374 crucem
1158 1320 1240 1374 cum
1265 1297 1518 1396 indulgenciis

401 1423 690 1501 authoritatibus
719 1431 848 1498 contra
876 1423 1175 1536 Inmaelitarum,
1196 1433 1234 1500 et
1252 1448 1321 1502 nos
1340 1427 1517 1503 volumus

401 1573 529 1630 omncs
547 1550 771 1626 unanimiter
790 1572 872 1626 oum
892 1551 1043 1632 insimul
1061 1573 1145 1652 eum
1164 1553 1387 1629 barronibus
1406 1552 1516 1628 Hun-

399 1699 575 1775 garorum
594 1683 632 1752 et
649 1676 838 1753 nobilibus
856 1685 894 1751 et
911 1678 1159 1774 ignobilibus,
1186 1679 1309 1754 cuncti
1327 1677 1516 1774 Hungeri,

401 1803 466 1903 qui
485 1825 589 1879 arma
617 1811 774 1902 possunt
802 1788 936 1903 capeio
955 1805 993 1882 in
1019 1807 1189 1884 manibus
1218 1807 1332 1884 suis.“
1365 1805 1519 1884 Siculus

402 1918 590 2028 Georgius
623 1930 781 2008 audiens
808 1931 862 2006 ait
891 1961 899 2008 :
934 1931 991 2028 ,0
1019 1934 1181 2031 vtinam,
1211 1934 1357 2010 dominc
1385 1941 1517 2010 sancte

400 2065 508 2160 pater
536 2059 574 2133 in
602 2057 811 2155 spirituali,
830 2053 896 2132 ‚nil
924 2056 1014 2132 mihi
1032 2058 1073 2133 in
1098 2060 1253 2156 mundo,
1284 2058 1518 2136 solummodo

401 2191 557 2265 mortem
583 2207 704 2260 meam
732 2192 861 2260 contra
888 2207 1059 2282 paganos
1096 2207 1314 2285 expugnare
1350 2207 1516 2285 possem.

402 2315 453 2389 Et
480 2336 578 2389 nunc
604 2313 738 2389 leuiter
765 2332 965 2410 possumus
992 2314 1132 2389 intrare
1152 2312 1200 2388 ad
1218 2312 1390 2410 Regnum
1418 2311 1518 2390 Gre-

402 2461 528 2517 corum
547 2445 700 2538 propter
718 2437 862 2514 animas
890 2436 1188 2515 Christianorum
1217 2439 1459 2536 absoluendi,
1480 2447 1521 2515 et

402 2565 671 2644 inbeneficium
691 2565 995 2642 Patriarcharum
1013 2563 1379 2666 Constantinopolim
1388 2569 1519 2645 vrbem

403 2694 653 2792 manciparc.“
686 2693 751 2768 Ait
778 2693 1056 2770 commissarius
1076 2721 1084 2767 ε
1110 2691 1230 2790 „Cras
1249 2695 1381 2772 venias
1400 2703 1438 2770 et
1455 2715 1517 2771 ru-

404 2825 513 2900 beum
541 2829 708 2898 sanctam
729 2841 875 2896 crucem
895 2819 940 2894 dc
959 2843 1057 2918 pano
1083 2820 1266 2898 soarlasio
1295 2843 1412 2921 supra
1430 2843 1519 2897 con·

404 2971 514 3026 suere
533 2954 571 3024 et
589 2969 810 3024 consecrare
839 2949 1010 3024 iaciam.“
1042 2945 1214 3024 Secundo
1233 2949 1293 3024 die
1313 2949 1416 3024 venit
1433 2970 1519 3024 cum

404 3077 531 3156 decern
559 3074 759 3170 militibus,
781 3074 884 3150 etad
903 3075 1049 3151 modum
1078 3075 1223 3173 accepit
1246 3082 1414 3152 sanctam
1434 3097 1519 3151 cru·

403 3225 483 3279 cem
502 3209 540 3278 ct
556 3224 781 3281 consecrans
807 3202 847 3278 in
876 3201 1001 3276 decem
1029 3199 1230 3296 militibus,
1259 3202 1299 3277 in
1318 3202 1378 3278 die
1397 3205 1521 3278 sancti

405 3329 563 3427 Georgii
582 3328 747 3404 martiris
755 3327 791 3430 *)
811 3327 896 3403 dum
916 3329 1129 3405 scribebant
1147 3351 1244 3418 anno
1258 3325 1307 3404 15
1318 3335 1450 3426 quarto
1461 3327 1520 3432 **)

403 3452 678 3554 crucigerorum
711 3457 814 3532 bella
850 3457 986 3550 mouit,
1016 3463 1053 3530 ct
1080 3455 1202 3553 ipsum
1241 3453 1450 3552 Georgium
1478 3456 1520 3530 in

403 3584 495 3662 belli
524 3583 713 3660 ductorem
741 3581 965 3678 nominauit,
987 3590 1024 3656 et
1042 3581 1348 3680 archiepiscopus
1372 3580 1519 3680 Strigo·

403 3713 546 3790 niensis
556 3711 604 3789 ad
613 3711 790 3810 expensis
808 3710 880 3786 sibi
899 3705 1136 3808 intullit***).
1158 3706 1349 3806 Georgius
1368 3707 1521 3786 Siculus

404 3842 540 3917 testum
559 3860 669 3916 suum
686 3859 769 3914 cum
788 3836 930 3914 honore
949 3834 1186 3912 solennizare
1215 3836 1324 3932 iecit,
1353 3843 1392 3910 et
1409 3858 1518 3914 ence-

405 3966 534 4061 niauit‚
555 3971 592 4039 et
610 3964 700 4040 lecit
713 3965 823 4062 juxta
842 3963 1006 4037 clamare
1026 3959 1156 4037 Sancti
1176 3959 1334 4059 Georgii
1353 3961 1521 4040 martiris

342 4069 345 4082 ’
404 4093 551 4192 capelle
571 4091 619 4166 ad
637 4097 806 4167 sanctam
825 4111 970 4165 crucem
989 4087 1160 4186 accipere
1178 4109 1278 4186 pena
1296 4094 1334 4164 et
1352 4111 1376 4164 a
1393 4089 1518 4188 culpa,

404 4243 488 4298 cum
519 4224 598 4319 jam
627 4220 754 4296 ebrius
789 4218 925 4294 inisset
958 4225 1046 4316 post
1081 4217 1288 4294 brandium.
1328 4217 1379 4293 Et
1414 4217 1520 4294 illico

405 4349 599 4428 multitudo
628 4347 900 4424 conueniebaut
927 4345 998 4421 viri
1027 4343 1288 4440 famosissimi,
1318 4351 1357 4420 et
1383 4344 1520 4423 sedens

475 4565 510 4632 ⁰)
529 4563 593 4622 llll
611 4562 740 4637 egykoru
760 4561 815 4618 kda
833 4559 925 4618 houna
944 4561 1016 4616 tenui
1039 4561 1082 4630 ,in
1102 4558 1208 4618 sacello
1228 4557 1257 4614 S.
1280 4558 1425 4630 Georgii“.

458 4655 497 4692 se

441 4657 514 4812 “Gi
529 4655 746 4816 &cybera
768 4740 821 4798 bea
840 4739 912 4796 altat
933 4745 1063 4802 ,uantum
1082 4738 1128 4794 ha·
1225 4795 1227 4800 ,
