3238 5228
1155 477 1300 590 aaa¹

127 685 183 764 ἡ..
202 667 253 744 Et
270 691 343 768 ego
362 672 558 772 sepissime
577 695 700 751 coram
720 675 815 773 ipso
838 676 1076 754 celebrabam
1104 679 1236 756 misam

127 807 290 888 Enerico
310 799 452 878 Bebelr.

223 933 311 1011 Jam
330 929 369 1004 in
387 923 806 1024 'vigiliaSimonisJude
836 929 1089 1026 apostolorum
1100 930 1237 1010 luimus

123 1059 257 1160 ebream
275 1077 393 1156 usqne
412 1052 461 1128 ad
479 1051 681 1129 secuudum
700 1051 798 1130 diem
825 1061 912 1153 post
940 1035 1049 1132 Beati
1079 1055 1232 1134 Thome

125 1184 290 1288 apostoli.
302 1183 355 1258 Et
371 1171 455 1280 post
472 1201 708 1257 recessurum
728 1179 878 1281 Oaspar
897 1181 1041 1284 Seredy
1060 1183 1106 1265 de
1117 1183 1235 1262 Peatb

125 1314 167 1390 ad
201 1311 353 1410 Thomy
390 1307 535 1384 invenit
570 1307 746 1386 celeriter
781 1307 1021 1387 Mebmetbek
1049 1310 1095 1386 de
1124 1311 1236 1386 Kewi

123 1441 195 1518 suis
213 1435 377 1514 cateruis
396 1457 443 1509 ex
462 1439 569 1532 parte
590 1433 733 1528 Pestb‚
763 1432 944 1532 quidquid
970 1442 1172 1534 potuerunt
1198 1437 1235 1512 in

122 1565 267 1642 duitate
285 1545 476 1652 inuenire„
496 1580 635 1658 pueros
651 1565 692 1662 ¹et
711 1558 971 1637 adolescentes
988 1567 1106 1638 totum
1125 1569 1233 1638 extra

127 1692 337 1792 piscauerat
355 1693 394 1761 et
412 1685 511 1762 infra
529 1685 664 1761 ducere
684 1686 835 1762 iecerat.
865 1685 982 1763 'l'urci
1002 1695 1040 1762 et
1057 1687 1237 1766 Trauiani

124 1817 256 1894 multos
274 1817 520 1916 portauerant
537 1809 585 1886 ad
604 1810 782 1888 Turciam
805 1811 850 1887 de
871 1811 999 1908 Buda„
1019 1835 1114 1911 quos
1131 1813 1233 1892 tura-

121 1941 281 2020 bantrel
298 1939 500 2016 latitabant
516 1937 556 2014 in
575 1939 724 2032 celario„
744 1961 838 2038 quos
856 1961 923 2038 per
941 1963 1090 2040 panem„
1101 1941 1236 2020 multos

124 2067 346 2146 seducebant
381 2087 447 2164 per
484 2064 753 2158 comestibilia;
791 2071 829 2139 et
856 2064 911 2141 sic
938 2065 984 2142 de
1011 2087 1111 2165 aqua
1138 2065 1237 2144 Ister

124 2217 234 2296 supra
270 2197 495 2290 acceperant
531 2211 667 2284 naues,
697 2213 791 2290 quas
818 2193 1156 2268 submeraauerant.
1187 2192 1238 2268 Et

128 2340 268 2398 rursum
286 2317 326 2394 in
345 2339 392 2392 ea
410 2315 556 2410 sedem,
577 2321 615 2390 et
632 2313 732 2394 inira
750 2317 925 2414 nauigan.
945 2317 1127 2396 aduersus
1139 2320 1238 2416 regi·
1376 2317 1382 2332 '

122 2469 224 2522 onem
243 2442 512 2522 Sirimiensem

221 2572 272 2648 Et
287 2571 448 2671 postbec
476 2570 523 2652 de
549 2592 635 2646 arce
668 2593 715 2647 ac
742 2569 788 2646 de
816 2571 969 2647 ciuitate
997 2569 1160 2646 Budensi
1189 2569 1237 2646 ad

120 2697 369 2800 promontoria
388 2697 576 2775 Budensia
596 2703 732 2774 extunc
749 2705 998 2796 portauerant
1015 2698 1164 2775 libellos
1190 2696 1237 2772 de

121 2835 197 2905 arte
215 2823 434 2922 asbologia,
455 2847 501 2902 ac
520 2824 702 2901 circulata
722 2832 829 2902 erant
846 2825 1043 2902 admodum
1060 2823 1180 2919 rutbe„
1200 2829 1237 2899 et

120 2959 426 3054 presentausrant
443 2949 553 3048 Regi.
573 2949 623 3026 Et
652 2970 748 3028 vnus
776 2953 926 3030 astabat
951 2952 1011 3030 vir
1038 2950 1235 3050 militarya

122 3087 156 3156 et
172 3079 268 3156 dixit
284 3077 382 3176 Regi
400 3077 562 3156 Joanni:
595 3076 718 3174 „Dum
737 3100 809 3176 ego
827 3077 866 3154 in
885 3077 1035 3154 Vienna
1052 3077 1119 3172 tui,
1139 3075 1237 3178 dice-

124 3205 208 3282 baut
236 3205 421 3302 astrologi
449 3205 704 3298 Viennenses,
734 3205 767 3281 ai
787 3205 1019 3282 obsiduerint
1037 3203 1180 3280 Budum
1199 3205 1237 3282 in

127 3331 253 3412 boram
273 3331 431 3426 Martis„
452 3337 588 3406 extunc
606 3331 655 3407 ad
682 3332 838 3409 tercium
865 3331 963 3408 diem
995 3331 1106 3408 Buda
1135 3353 1240 3406 acce·

123 3467 228 3558 ptura
238 3459 322 3536 erit.
334 3456 395 3534 Ita
404 3457 590 3552 dicebant„
610 3455 856 3536 Serenissime
867 3457 989 3534 Rex.“
1013 3455 1122 3532 Dixit
1132 3455 1237 3532 Rex:

127 3585 308 3686 „Propter
325 3583 418 3680 boc„
438 3585 526 3683 quia
553 3583 802 3684 perdiderant
827 3584 959 3661 boram
988 3607 1033 3660 ac
1060 3582 1238 3659 minutam

124 3711 290 3792 Martis.“
313 3711 362 3788 Et
379 3709 462 3788 Rex
481 3709 664 3810 Majestas
688 3732 757 3787 sua
775 3709 831 3812 ⁸⁸11
857 3709 1010 3788 miserat
1028 3709 1117 3786 illas
1136 3709 1238 3786 volu-

122 3838 236 3916 minas
255 3840 388 3917 literas
406 3838 635 3936 asmologias
654 3837 704 3914 ad
723 3837 868 3935 Regem
898 3834 1171 3914 Ferdinandum
1200 3835 1238 3910 in

124 3963 215 4043 dono
234 3965 282 4042 de
302 3987 375 4043 vno
393 3987 613 4066 precursore
633 3986 714 4041 suo.
736 3965 788 4040 Et
808 3965 864 4042 sic
883 3963 1061 4060 scriptum
1080 3967 1162 4039 erat
1179 3983 1239 4039 re·

120 4095 264 4192 sponsio
284 4093 495 4192 Regiestati
517 4123 526 4168 :
551 4092 732 4192 „Gratias
749 4115 823 4190 ugo
842 4092 925 4168 Deo
945 4113 1039 4187 meo„
1061 4090 1129 4187 qui
1148 4071 1238 4164 iecit

122 4221 248 4300 cellum
268 4229 307 4296 et
336 4229 494 4318 terram„
526 4222 623 4320 quod
652 4221 788 4298 Vestro
818 4217 1033 4317 Mejcstatis
1061 4215 1239 4312 astrologi

122 4349 356 4440 perdiderant
374 4349 505 4424 boram
524 4345 731 4446 accipiendi
751 4347 819 4422 sub
842 4343 1004 4436 Budam;
1023 4342 1141 4419 sedai
1168 4341 1236 4416 ali·

126 4495 163 4548 aa
179 4473 371 4568 venerint„
392 4474 503 4550 timeo
523 4497 589 4550 eos
608 4473 787 4549 hactenus
807 4471 956 4546 venien.
986 4471 1055 4546 sub
1084 4467 1238 4560 Budam‚

124 4601 312 4694 quodcum
336 4600 459 4700 capite
487 4600 709 4700 reliquerint
737 4595 980 4696 astrologiam
1009 4597 1143 4674 bonam
1172 4592 1238 4670 bo·

123 4729 231 4804 ram.“
