3238 5228
1139 569 1217 653 aab

118 775 307 852 sessionem
336 775 528 853 Francisci
556 772 767 873 Homonay.
798 773 849 848 Et
866 773 923 849 illi
947 773 1080 848 villani
1105 772 1216 849 valde

117 901 315 979 tinebanta
329 901 434 999 Rege
452 901 478 980 J
480 923 621 996 oannc;
641 898 792 975 ettenim
812 899 870 976 illi
889 899 1067 975 volebant
1084 899 1215 998 depre-

115 1025 190 1103 dare
207 1029 246 1104 in
272 1031 336 1104 via
365 1051 435 1105 sna
462 1025 607 1124 qnando
635 1025 799 1102 intrabat
826 1024 874 1099 ad
902 1024 1110 1101 Poloniam.
1140 1024 1215 1101 Sed

113 1151 182 1227 Rex
208 1155 452 1231 noncianerat
478 1155 553 1246 eis,
583 1159 624 1226 vt
641 1173 687 1228 ne
712 1150 1006 1249 premeditarent
1022 1151 1071 1228 ab
1090 1173 1157 1246 eo;
1177 1159 1215 1226 et

113 1278 157 1352 sic
182 1303 341 1378 paperes
359 1279 537 1378 quidquid
573 1285 771 1377 potnerunt
807 1299 960 1354 munera
987 1277 1214 1356 obtullerunt

112 1405 273 1482 simum
300 1408 434 1482 bouem
461 1413 500 1482 et
526 1427 593 1480 sex
622 1403 793 1500 agnellos
811 1403 859 1481 ad
879 1403 1074 1500 coquinam
1094 1424 1210 1479 snam.

204 1531 254 1606 Et
280 1533 352 1608 iste
381 1531 631 1608 cancellarius
668 1529 880 1627 Stephanus
908 1528 1109 1608 Verbwchi
1131 1531 1211 1628 J‘am

112 1657 313 1753 perdiderat
331 1659 512 1736 astuciam
532 1679 658 1754 suam,
687 1657 879 1734 nesciebat
897 1657 1095 1754 quicquam
1113 1654 1210 1754 Regi

111 1783 238 1862 loanni
257 1785 347 1862 dare
365 1787 582 1880 consilium,
612 1787 675 1884 qni
702 1806 889 1883 nunquam
906 1784 979 1860 fuis
995 1783 1209 1877 bellicosus,

112 1917 142 1984 et
157 1918 331 2010 tanquam
349 1913 464 2010 longa
482 1913 630 1991 viscera
648 1919 739 1990 erat.
760 1912 812 1987 Et
830 1911 977 2009 quando
997 1911 1036 1986 in
1055 1909 1210 1988 'Pharno

112 2037 288 2116 ineramus
315 2062 463 2139 semper
489 2038 605 2117 flebat
622 2041 661 2115 in
679 2039 858 2134 ecclesia,
888 2038 986 2135 qnod
1011 2039 1065 2113 ita
1082 2041 1209 2116 ambu-

112 2163 216 2240 lasset
234 2173 272 2240 et
289 2166 468 2263 expulsus
495 2173 578 2242 erat
604 2164 650 2240 de
677 2163 886 2260 Hungaria.
914 2165 965 2240 Et
978 2167 1057 2262 jam
1077 2164 1209 2264 despe-

111 2297 201 2368 ratos
219 2297 300 2368 erat
317 2291 439 2367 adhuc
456 2291 496 2368 in
516 2291 725 2386 Temnon,
744 2298 782 2366 et
800 2290 881 2366 Rex
900 2313 1047 2390 semper
1064 2289 1210 2370 ridebat

111 2437 193 2512 enm,
213 2425 251 2492 et
268 2440 381 2493 vnum
401 2417 613 2494 destinabat
622 2417 670 2494 ad
679 2416 895 2514 tergendum
914 2417 1104 2495 oculorum
1123 2439 1207 2494 suo·

110 2565 189 2619 rum.
208 2545 290 2621 Rex
308 2545 477 2623 Joannes
496 2545 663 2622 dicebat:
679 2545 786 2643 ,Ego
804 2543 948 2643 perdidi
966 2545 1102 2622 multas
1120 2567 1207 2643 pos-

111 2671 284 2748 sessiones
302 2692 384 2747 cum
403 2671 585 2748 thezauro
605 2671 769 2772 copiosa,
790 2671 960 2768 equidem
969 2694 1044 2747 non
1053 2693 1204 2770 possum
1285 2701 1289 2710 ⁴

110 2791 220 2871 dere.“
243 2795 319 2873 Sed
336 2821 483 2896 semper
501 2798 639 2875 fuimus
657 2799 725 2874 leti
743 2797 782 2872 in
800 2805 883 2874 octo
901 2797 1101 2874 mensibus.

199 2919 274 2998 Sed
296 2923 466 2999 venimus
493 2923 532 2998 in
560 2924 620 3000 die
646 2925 742 3000 festo
771 2924 939 3001 Demetri
967 2923 1129 3000 martiris
1157 2924 1204 3000 ad

111 3043 195 3122 Brod
221 3047 351 3125 villam
384 3049 578 3127 Francisci
616 3051 814 3150 Homonaj.
854 3051 904 3134 Et
930 3051 983 3128 ibi
1009 3055 1203 3150 pernocta-

110 3171 234 3270 uimns,
260 3183 298 3252 et
314 3183 392 3253 tres
411 3200 505 3254 vasa
534 3179 610 3254 viui
638 3178 851 3256 destinabat
877 3179 1104 3256 Franciscus
1122 3174 1203 3277 Hy·

109 3321 235 3376 menen.
260 3303 368 3378 fratri
396 3325 464 3382 suo
492 3303 654 3381 Joannis
682 3303 811 3402 Regis.
841 3305 892 3380 Et
909 3305 961 3382 ibi
980 3306 1091 3383 valde
1108 3309 1203 3386 ebrii

108 3437 200 3504 erant
217 3429 398 3506 Polouiea
416 3454 510 3528 gens
528 3456 553 3508 a
570 3433 679 3528 vino;
707 3433 795 3531 quia
814 3456 888 3510 non
907 3444 1199 3530 consueuerant3

107 3559 136 3624 et
167 3553 354 3648 dibebant,
394 3557 492 3655 quod
519 3561 672 3637 multum
710 3559 901 3637 hnmnlnm
937 3561 1202 3661 apposuissent

108 3674 262 3778 Hnngari
281 3683 332 3760 ad
349 3685 587 3782 cersuisiam,
617 3695 655 3762 ct
672 3687 790 3787 aliqui
808 3685 898 3790 ⁶⁹·lv·
926 3689 1113 3785 dibebant,
1133 3692 1198 3770 bo-

108 3825 177 3881 nnm
194 3817 251 3884 cst
271 3809 345 3886 iste
363 3811 497 3909 liquor.
527 3816 576 3888 Et
593 3814 764 3892 venimus
782 3816 820 3890 in
838 3817 1004 3916 profesto
1023 3815 1198 3918 Symonis

107 3937 136 4002 et
148 3933 241 4011 dude
259 3932 325 4036 (ad
344 3937 517 4036 oppidum
527 3937 727 4043 Hemone),
748 3949 785 4017 et
803 3943 857 4020 ibi
868 3941 949 4020 Rex
967 3943 1103 4020 festum
1121 3947 1196 4022 sol·
1324 4025 1328 4038 ,

105 4055 263 4140 leuizauit
280 4061 546 4162 Apostolorum
564 4068 824 4167 predictorum.
853 4071 902 4146 Et
926 4071 1073 4148 interim
1092 4073 1196 4150 multi

104 4179 247 4286 haydnci
285 4193 541 4268 veneruntad
568 4193 710 4291 Regem
746 4195 931 4274 ioannem
968 4197 1097 4296 optimi
1124 4199 1196 4276 viri

101 4311 239 4405 pedites.
270 4317 323 4391 Et
348 4318 562 4412 gaudebant
588 4320 686 4417 Regi
705 4322 845 4400 Joanni
864 4323 994 4420 valde,
1019 4333 1057 4402 et
1074 4325 1195 4422 ulgus

100 4435 232 4517 dicebat
250 4465 336 4520 csse
346 4443 428 4521 Rex
447 4469 574 4524 eornm
592 4447 772 4526 Joanncs.
793 4447 871 4549 Ipsi
881 4474 1065 4552 pauperes
1083 4453 1193 4531 corde

103 4565 250 4657 perlecto
269 4569 496 4649 dimicabant
509 4575 619 4672 juxta
635 4573 775 4672 Regem
784 4577 980 4675 Joannem,
1000 4579 1039 4655 in
1058 4581 1193 4678 quibus

106 4697 258 4782 poterant
277 4698 476 4774 secundum
495 4723 762 4797 possesorem.

193 4817 343 4899 Interim
380 4826 499 4902 eciam
536 4852 643 4906 soror
677 4828 840 4909 «Ioannis
877 4831 995 4930 Regis
1038 4833 1193 4912 condem
