3244 5214
1149 467 1199 544 41

119 663 193 757 gina
218 684 399 739 venenum
426 663 538 740 abere
565 663 609 738 de
639 671 795 762 apoteca
814 665 1026 764 apotecario
1046 687 1133 760 sno,
1163 675 1202 740 rt

116 788 310 886 disponeret
326 791 484 886 bonum,
506 796 543 863 et
570 790 755 868 ordinauit
774 792 1008 890 apoteoarius
1025 812 1127 870 suus.
1152 792 1203 868 Et

115 916 165 992 isti
181 916 373 1014 prescripti
392 915 557 1013 infieles3
578 919 753 1017 precipue
773 917 987 1016 Stephanus
1005 917 1202 996 thezauro·

115 1044 179 1119 rius
195 1044 301 1119 simul
320 1066 402 1119 curn
422 1044 508 1119 aliis
526 1045 679 1142 paribus
698 1046 788 1138 suis,
810 1045 1000 1142 quattinus
1020 1045 1107 1142 quid
1125 1046 1206 1144 quit

115 1177 242 1264 regeret
268 1171 305 1244 in
335 1167 530 1266 Hungaria
558 1171 752 1248 Emericus
781 1170 936 1246 Therek
960 1173 1028 1249 sub
1053 1172 1204 1248 officiali

114 1317 168 1370 suo
185 1319 226 1370 ac
244 1297 480 1392 gubernaret,
500 1305 615 1373 toturn
626 1299 697 1376 sibi
717 1299 915 1396 promitere
933 1299 1203 1398 inperpetuum

115 1421 150 1496 dc
170 1421 241 1498 lilio
271 1425 309 1498 in
342 1423 458 1500 lilium
490 1446 606 1501 suum.
641 1425 763 1518 Quum
790 1427 868 1523 jam
898 1427 1095 1502 consiliata
1125 1435 1207 1502 erat

115 1571 192 1623 vxor
209 1549 326 1646 Regis
345 1549 513 1628 Ladislai
532 1553 728 1648 Karimiri,
750 1553 959 1628 Emerioum
969 1575 1114 1630 rursum
1133 1553 1207 1628 cita

115 1673 153 1747 ad
168 1671 235 1776 (sc)
255 1677 373 1752 eciam
381 1677 428 1752 ad
436 1679 630 1776 prandium
648 1681 738 1756 iecit
756 1681 926 1776 invitare,
937 1688 1068 1780 etpost
1086 1681 1206 1779 ipsum

115 1802 271 1920 sellatum
298 1825 430 1900 equum
457 1804 649 1880 duxerunt.
671 1805 722 1879 Et
746 1807 848 1880 venit
875 1806 922 1881 ad
939 1806 1150 1904 prandium,
1172 1813 1208 1882 et

115 1907 185 2027 post
213 1927 408 2029 prandium
434 1931 701 2008 fauentissimis
735 1932 859 2006 verbis
890 1931 987 2030 cepit
1012 1933 1207 2008 obsecrare

115 2080 150 2130 ac
174 2057 361 2156 supliciter
389 2056 618 2155 deprecare:
644 2057 774 2156 ,Quod
803 2060 836 2134 si
860 2080 1008 2156 posses,
1037 2081 1123 2134 care
1143 2058 1206 2133 do·

116 2185 198 2258 minc
216 2185 282 2278 mi,
303 2185 391 2260 illos
409 2207 545 2283 pueros
563 2164 734 2283 perde1·,e
755 2185 909 2284 perdas3
930 2187 1017 2283 quia
1034 2209 1067 2262 s1
1056 2185 1144 2260 illi
1161 2183 1209 2259 ad

115 2307 367 2386 humanitatem
398 2311 485 2412 1⁴·,V
460 2310 783 2410 peruenerint,
822 2313 939 2388 eciam
968 2312 1038 2388 erit
1074 2327 1210 2407 magna

115 2443 244 2536 strages
263 2440 361 2513 inter
380 2389 592 2536 Huhgaros,
607 2464 651 2515 ac
669 2463 829 2539 perpera
849 2443 966 2538 major
985 2461 1208 2537 qnamnune.

117 2561 226 2658 Ergo,
246 2564 393 2639 domine
421 2565 611 2660 Emerioe,
633 2573 672 2640 vt
690 2567 739 2642 sit
757 2567 886 2664 pocius
906 2565 1082 2642 evitanda
1099 2587 1209 2663 quam

116 2691 321 2766 incendat
357 2689 420 2766 Ait
448 2691 669 2766 Emericus:
694 2690 854 2787 ,ignoro
881 2699 918 2764 ct
946 2695 1127 2787 quomodo
1147 2690 1209 2764 de-

116 2815 268 2892 beremus
296 2817 474 2892 euitare.“
505 2817 570 2892 Ait
594 2819 740 2914 Regina
767 2847 775 2890 :
805 2819 1020 2916 „Suscipias
1046 2816 1135 2896 mihi
1163 2815 1210 2892 ad

116 2938 210 3015 fidem
233 2923 397 3018 tuamet
421 2943 687 3021 humanitatem
720 2953 821 3020 tuam
846 2951 989 3022 secreto
1017 2943 1211 3019 consilium

117 3089 242 3162 meum,
269 3079 306 3144 ct
333 3072 408 3147 cris
426 3073 544 3148 maior
563 3073 601 3146 in
620 3073 816 3169 Hungaria
842 3095 952 3168 quam
972 3071 1075 3148 fuisti
1095 3070 1209 3170 prius.

118 3189 225 3282 Quam
244 3197 276 3272 si
296 3200 507 3298 susceperis
532 3207 568 3274 et
593 3201 630 3272 in
656 3200 813 3276 consilio
840 3221 922 3273 meo
947 3197 1108 3273 fideliter
1127 3219 1210 3295 per·

117 3322 248 3418 ageris,
279 3324 378 3420 qnod
405 3349 511 3401 arces
540 3326 656 3402 habes
683 3328 719 3400 in
747 3325 946 3422 Hungania
970 3326 1039 3400 sub
1058 3323 1211 3400 officiali

118 3451 186 3540 tuo,
211 3473 280 3548 ego
307 3475 434 3529 oannes
457 3454 528 3530 tibi
551 3454 695 3530 donabo
720 3478 786 3552 per
813 3455 936 3530 bullas
955 3451 1213 3550 priuilegiales

120 3593 189 3647 cnm
211 3577 351 3673 sigillis
377 3579 658 3675 pendentibus.“
695 3578 775 3672 Qua
801 3578 985 3655 audiendo
1017 3578 1213 3654 Emerious

121 3695 259 3779 Therek
280 3705 320 3778 in
340 3703 449 3779 corde
469 3727 535 3781 suo
551 3708 839 3802 jocundabatur,
861 3707 948 3803 quia
967 3706 1121 3784 vidisset
1139 3704 1213 3779 Rc·

122 3825 231 3916 ginam
259 3831 454 3907 Emericus
483 3830 638 3908 Tharek
668 3835 776 3909 valde
805 3834 1064 3932 deprecantem
1093 3854 1137 3905 ac
1155 3853 1213 3906 ro-

122 3961 265 4043 gantem.
290 3957 483 4053 ,Fiaciam
503 3959 651 4034 omnino
671 3965 716 4036 ad
737 3960 894 4058 quidme
911 3960 1058 4053 ortaris;
1078 3958 1213 4034 solum-

124 4080 215 4158 modo
240 4085 388 4160 litteras
419 4086 678 4183 privilegiatos
702 4109 783 4161 cnm
808 4085 947 4182 sigillis
969 4084 1215 4183 pendentibus

125 4203 294 4286 ordinabis
321 4209 412 4284 mihi
438 4212 540 4309 prius
566 4233 676 4308 quam
695 4215 741 4286 acl
761 4233 891 4286 manua
917 4233 1038 4306 meas,
1058 4217 1095 4284 et
1112 4217 1214 4308 post·

125 4327 183 4406 hec
212 4336 379 4414 incedam
404 4339 442 4412 in
475 4339 659 4414 mandatis
700 4337 835 4414 Vestra
867 4336 1113 4434 Majeatatis.“
1150 4335 1217 4412 Ait

129 4453 276 4556 Regina:
302 4464 479 4563 „Faciam
498 4465 546 4562 ad
565 4465 652 4562 quid
671 4487 729 4540 me
749 4462 931 4558 hortaris3
950 4463 1016 4540 sed
1038 4471 1078 4538 tu
1097 4459 1217 4538 eciam

20 4613 22 4622 ’
129 4584 170 4660 ad
185 4591 349 4690 quicquid
367 4591 494 4669 hortor
512 4591 710 4688 diligenter
728 4592 963 4691 procurabis,
990 4599 1143 4690 propter
1161 4597 1217 4667 tot

131 4716 444 4804 possessionibus.“
468 4718 519 4793 Et
537 4718 625 4794 tecit
643 4724 791 4818 portare
810 4719 1048 4816 pugillarem,
1069 4724 1107 4794 ct
1125 4717 1217 4795 scri-
