3248 5210
425 468 500 548 122

421 668 513 745 socii
540 667 726 768 capellani
755 662 999 743 sciscitabant
1017 662 1062 738 de
1081 687 1140 738 me
1160 664 1287 760 aliqua
1305 685 1405 740 ncne
1421 666 1540 760 bona,

421 795 588 892 egodixi
615 795 699 871 eis:
723 791 881 890 „Nonne
910 789 1060 885 Regina
1086 779 1211 867 Maria
1237 789 1327 867 iecit
1353 814 1481 868 arcem
1500 791 1542 866 in

420 923 664 1023 luppanarem
683 943 767 998 cum
786 918 936 995 ancillis
955 916 1070 993 suis.“

699 1204 1032 1310 (scurronum
1059 1203 1262 1308 xxxm).

528 1423 652 1516 Quum
675 1427 754 1522 jem
783 1425 916 1502 fuisset
943 1423 1137 1500 conflictus
1163 1423 1203 1498 in
1229 1423 1327 1500 feria
1344 1430 1482 1521 quarte
1501 1425 1542 1498 in

421 1576 553 1651 campo
582 1551 766 1646 Mohuch,
796 1550 958 1628 secundo
978 1551 1037 1626 die
1056 1550 1095 1626 iu
1115 1551 1246 1648 quinta
1265 1551 1361 1627 feria
1379 1557 1544 1626 venerat

422 1680 537 1756 cicius
567 1679 729 1754 famulus
758 1701 853 1754 vnus
881 1677 1027 1773 Regine
1056 1674 1270 1754 Germanus
1288 1677 1334 1752 de
1352 1677 1476 1770 bello,
1505 1683 1544 1749 et

421 1829 489 1906 per
513 1809 669 1904 januam
697 1806 889 1882 nesciebat
919 1805 1061 1881 intrare
1089 1804 1197 1901 quasi
1225 1803 1457 1880 semifatuus.
1491 1807 1544 1880 Et

422 1941 503 2008 erat
530 1933 658 2010 Turno
688 1954 771 2009 cum
798 1931 968 2029 Regina,
1007 1933 1116 2009 ambo
1155 1931 1344 2029 colloquia
1371 1932 1471 2010 inter
1500 1957 1544 2010 se

422 2061 639 2138 miscebant.
669 2059 752 2136 Nos
780 2059 967 2159 capellani
996 2059 1259 2157 spectabamus
1286 2059 1391 2134 illum
1415 2059 1544 2136 virum

422 2187 529 2264 extri
552 2189 708 2285 januam
736 2185 967 2281 Budensem‚
997 2192 1039 2260 vt
1066 2185 1195 2282 aliqua
1222 2208 1332 2261 nona
1349 2187 1543 2266 sciscitas-

422 2335 546 2391 scmus
565 2315 612 2388 ab
632 2335 688 2408 eo,
708 2333 783 2387 non
802 2309 916 2406 venit,
937 2310 1025 2407 quia
1043 2312 1123 2408 jam
1141 2317 1227 2410 post
1245 2334 1426 2409 vesperas
1444 2319 1543 2390 erat.

423 2439 665 2537 Magnificum
684 2439 899 2515 Turnonem
919 2437 1095 2514 Alexium
1113 2461 1227 2538 super
1244 2439 1472 2536 gradarium,
1495 2441 1544 2516 de

423 2590 509 2642 arce
538 2566 687 2662 Regina
723 2565 905 2642 velociter
941 2567 1116 2643 currebat
1142 2565 1322 2642 inclinato
1351 2567 1475 2665 capite
1505 2575 1545 2642 et

423 2692 562 2768 nemini
599 2693 652 2770 nil
689 2693 922 2791 loquebatur.
967 2690 1090 2783 Quum
1124 2693 1287 2769 vidimus
1323 2715 1394 2788 ego
1430 2693 1541 2769 dixi:

427 2820 619 2917 „Fratres
640 2821 928 2897 hocestmalum
947 2819 1106 2916 siguum,
1128 2821 1218 2916 quia
1228 2819 1400 2896 dominus
1410 2820 1542 2898 Turzo

423 2971 572 3049 semper
590 2950 713 3026 inerat
730 2951 841 3043 letus,
862 2971 960 3024 nunc
978 2947 1126 3044 quidem
1145 2947 1279 3022 male.“

531 3075 680 3151 Extunc
698 3076 746 3150 ad
765 3076 923 3152 mediam
953 3080 1097 3151 noctem
1128 3073 1214 3149 dum
1233 3072 1434 3150 fuissemus
1453 3072 1543 3150 dor·

270 3199 276 3210 '
423 3200 547 3294 mien,
579 3223 649 3296 ego
668 3201 708 3276 in
726 3202 878 3277 ciuitate
904 3200 1005 3300 apud
1032 3200 1219 3277 dominum
1245 3198 1543 3295 strigoniensem

424 3349 507 3400 cum
527 3325 764 3423 sigismundo
784 3326 953 3404 Literoto
964 3326 1192 3404 dormiebam
1198 3327 1310 3423 juxta
1318 3325 1544 3402 thesaurum

424 3450 698 3551 archicpiscopi
715 3451 907 3548 Ladislui3
928 3457 1063 3528 extunc
1089 3451 1351 3551 pincernarius
1377 3449 1542 3550 Stepha-

424 3602 495 3655 nus
523 3579 688 3675 vigilans
720 3579 854 3656 fuerat.
894 3578 1049 3655 Sursum
1079 3578 1127 3654 ad
1153 3579 1342 3677 palacium
1383 3581 1542 3675 cucurit‚

425 3707 540 3785 dixit:
557 3705 732 3804 „Surgite
750 3707 875 3803 igitur,
886 3706 973 3805 quia
983 3705 1131 3782 Turdus
1150 3705 1355 3802 Hungaros
1373 3713 1543 3812 prostra-

423 3843 530 3914 uerat
549 3855 677 3910 omnes
696 3833 744 3908 ad
762 3835 935 3910 terram.“
958 3833 1177 3909 Sureximus
1197 3856 1280 3908 cum
1301 3831 1543 3929 sigismundo

425 3964 593 4038 Literato
613 3961 652 4036 in
669 3960 794 4055 vicos,
824 3967 862 4035 et
879 3960 918 4035 iu
937 3961 1075 4058 plateis
1104 3959 1342 4036 Budensibus
1369 3981 1452 4036 cum
1482 3961 1543 4036 lu-

426 4091 551 4168 cernis
579 4087 795 4165 ardentibus
814 4089 853 4164 in
871 4089 1042 4164 manibus
1060 4086 1349 4182 Alcmanorum,
1370 4093 1407 4163 et
1425 4088 1545 4164 multa

426 4218 555 4315 nigras
582 4213 731 4293 ladulas
750 4223 789 4291 et
807 4216 979 4316 scrinyas
1006 4214 1224 4292 vhehcbaut
1241 4235 1355 4314 super
1373 4213 1544 4290 brachiis

426 4344 504 4422 suis
532 4350 640 4421 extra
667 4341 858 4419 ciuitatem
886 4342 934 4418 ad
960 4339 1115 4438 Legud,
1155 4339 1305 4438 quidam
1342 4346 1466 4416 autem
1493 4340 1544 4416 ad

427 4491 545 4548 naues
563 4469 663 4544 infra
680 4466 779 4544 Ister
798 4465 864 4544 flui
883 4474 1021 4544 etcum
1039 4467 1232 4544 thesauris
1251 4465 1376 4566 plenis
1393 4465 1545 4544 ludulae

427 4599 619 4675 aserebant
636 4595 699 4672 vbi
718 4601 903 4696 poterant.
933 4595 986 4670 Et
1013 4593 1185 4691 Hungari
1212 4593 1406 4672 Budcnses
1425 4592 1542 4668 admi-

426 4748 520 4822 run.‚
539 4723 715 4823 quidnam
732 4723 805 4801 hoc
823 4729 942 4818 essct,
972 4723 1062 4821 quia
1079 4721 1298 4800 nesciebant
1315 4719 1437 4798 adbuc
1453 4721 1542 4819 ipsi.
