3226 5220
1114 467 1191 550 169

89 673 180 753 con
205 673 428 770 seminium,
458 677 619 749 mentem
645 691 752 749 suam
778 669 985 772 composuit
1002 670 1051 747 ad
1070 671 1191 750 oonsi-

89 803 178 899 lium,
196 801 320 880 media
338 807 445 878 nocte
464 798 692 900 mancipanit
710 799 880 877 caballos
909 821 998 876 suas
1025 799 1074 873 ad
1102 820 1192 897 qna·

96 929 250 1026 dignm,
269 927 454 1006 utstatim
473 925 635 1004 cucurrit
652 925 701 1001 ad
719 925 907 1002 dominum
926 946 1032 1003 suum
1051 925 1194 1004 Valen-

16 1097 17 1110 ι
89 1057 193 1132 tinum
211 1039 381 1132 Therek.
411 1055 463 1130 Et
480 1061 613 1132 cuncta
630 1053 792 1153 predixit
821 1053 967 1129 domino
987 1075 1075 1148 suo,
1096 1053 1194 1150 quod

90 1185 241 1280 qualiter
259 1183 306 1258 dc
324 1181 452 1281 pixide
482 1182 668 1278 cogitatus
690 1188 749 1257 cst
766 1181 805 1256 in
824 1180 978 1278 Zeghed
996 1204 1064 1280 per
1082 1203 1194 1256 vnum

91 1311 200 1387 virum
227 1310 523 1408 semipaganum.
562 1309 615 1384 Et
642 1307 741 1405 quod
771 1306 938 1384 audisset
954 1307 1196 1414 'Valentinus

91 1437 257 1532 Tharais,
278 1459 365 1512 mox
384 1459 467 1512 cum
485 1435 664 1512 trecentis
692 1435 878 1532 equitibus
906 1435 986 1512 suis
1016 1435 1197 1532 equitauit

91 1565 206 1640 inilla
223 1571 334 1640 nocte
362 1563 410 1639 ad
437 1562 600 1640 Turnus.
632 1561 807 1640 Attamen
835 1585 972 1659 magna
1001 1563 1108 1639 milia
1123 1561 1197 1638 tria

90 1691 280 1769 habebant.
300 1691 352 1766 Et
371 1711 454 1766 curn
472 1691 709 1789 peruenisset
727 1691 954 1769 Valentinus
975 1689 1132 1766 'l'hcrek
1150 1687 1199 1764 ad

90 1817 271 1915 propriam
291 1837 416 1912 suam,
447 1839 533 1892 mox
553 1815 733 1892 Traciani
752 1815 895 1912 adhuc,
916 1817 979 1914 qui
999 1815 1121 1892 adhuc
1139 1839 1198 1892 rc-

91 1943 254 2020 sidebant
272 1944 402 2040 aliqua
419 1943 585 2040 reliqua,
615 1965 700 2019 mox
724 1943 933 2040 fugierunt,
956 1949 993 2019 et
1011 1943 1200 2020 dominnm

95 2091 236 2148 snorum
265 2071 386 2146 solum
424 2068 672 2168 permiserunt
702 2071 888 2166 jacentem
907 2071 947 2145 in
973 2071 1072 2146 lecto
1090 2071 1199 2146 semi-

91 2196 207 2274 vinnm
238 2195 372 2272 adhuc.
404 2193 504 2270 unce
532 2193 618 2270 dum
643 2202 681 2270 tc
700 2193 870 2272 videmus
898 2196 1108 2293 uiuentem,
1138 2221 1200 2284 oo·

96 2323 302 2418 gnoscimns
328 2328 365 2396 te
393 2321 503 2398 nobis
540 2319 784 2397 deicdcntem.
818 2319 946 2398 Sensit
974 2323 1201 2401 Valentinus

93 2448 244 2527 Therek
260 2447 470 2547 hospicium
488 2469 613 2542 soum,
633 2448 815 2524 utstatim
834 2449 942 2524 irruit
961 2448 1009 2524 ad
1027 2449 1201 2528 hostium.

94 2575 208 2669 Quum
226 2597 373 2675 pauper
386 2577 467 2674 jann
485 2574 579 2650 vidit
597 2583 753 2651 mortem
771 2596 890 2672 suam,
910 2584 1143 2676 preceperat,
1163 2582 1204 2651 vt

16 2749 17 2756 κ
93 2705 269 2780 neminem
296 2703 572 2780 intromitcrcnt
599 2703 737 2781 milites
765 2704 864 2800 suis,
895 2712 933 2779 et
961 2713 1042 2780 erat
1065 2708 1146 2805 J'am
1164 2704 1203 2779 in

94 2832 235 2927 agonia.
265 2830 319 2906 Et
345 2829 546 2928 spopondit
563 2829 611 2905 ad
629 2829 739 2906 fidem
767 2852 893 2928 suam,
919 2837 1018 2929 quod
1037 2833 1070 2910 si
1088 2833 1203 2908 intro

16 3031 17 3042 a
94 2958 260 3036 niterent
277 2979 383 3053 enm,
412 2978 487 3032 uon
505 2955 672 3056 inpediet
696 2959 818 3057 ipsum
836 2959 986 3055 nigrum
1003 2958 1203 3035 hominem.

16 3067 17 3076 Ν
96 3083 137 3159 Et
157 3085 462 3180 intromiserunt,
491 3092 530 3159 ct
557 3085 668 3160 ualde
696 3085 818 3160 adhuc
845 3087 1130 3185 suspicabatur,
1161 3110 1206 3162 ac

94 3213 313 3289 tranebatur
332 3235 356 3286 a
374 3209 585 3288 Tracianus
609 3212 836 3290 Valentinus
862 3213 1021 3290 'I'hcrck
1039 3213 1086 3288 de
1105 3221 1206 3291 astu·

96 3338 316 3432 clauorum,
345 3343 384 3412 ct
409 3337 565 3412 intrauit
592 3335 640 3411 ad
668 3357 763 3414 cum.
792 3335 902 3430 Quod
922 3341 1075 3437 jacebat
1101 3338 1208 3416 Iwau

16 3553 17 3564 Ν
98 3463 193 3541 Char
211 3465 390 3558 inlecto,
418 3463 539 3539 tribus
564 3462 709 3538 vicibus
736 3463 1003 3560 interrogauit,
1033 3465 1067 3540 si
1087 3465 1209 3542 adhuc

98 3599 214 3690 potest
231 3587 393 3668 viuere?
420 3587 481 3664 Ad
497 3589 816 3685 interrogaciones
840 3591 1035 3668 Valentini
1053 3591 1210 3666 Therek

16 3717 17 3720 ‘
99 3721 147 3796 nil
172 3739 398 3819 responsum
431 3716 577 3793 adibuit
603 3716 649 3792 ei.
679 3714 803 3809 Quum
838 3717 933 3792 vidit
969 3717 1207 3814 Valentinus,
1266 3719 1267 3726 '

100 3847 191 3944 quod
210 3847 368 3946 supinus
390 3847 536 3943 jaceret
552 3843 592 3918 in
610 3845 708 3920 lecto
732 3846 813 3942 Jam
834 3844 883 3919 ad
902 3851 1079 3941 mortem,
1104 3845 1208 3921 illico

101 3975 303 4075 amputauit
330 3979 442 4072 caput
460 3973 542 4069 ejus
560 3971 600 4047 in
618 3972 737 4068 lecto,
764 3979 802 4046 et
829 3995 965 4072 corpus
985 3975 1066 4070 ejus
1083 3971 1136 4049 ibi
1155 3971 1208 4047 di·

100 4103 206 4198 nint,
226 4109 265 4179 et
282 4105 396 4200 capnt
413 4119 540 4176 secum
558 4097 932 4175 dixitadZabattka.
952 4098 1209 4174 Nonnullam

99 4225 316 4308 dudonem
334 4225 519 4302 habuerat
527 4223 567 4300 in
578 4223 738 4320 Torone,
760 4225 942 4301 utstatim
961 4231 1074 4323 caput
1088 4223 1210 4323 ipsius

16 4415 17 4434 t
100 4377 175 4432 cun
202 4355 346 4433 vexillo
376 4375 444 4431 suo
469 4351 673 4428 destinauit
698 4352 745 4427 ad
770 4351 914 4448 Regem
933 4351 1136 4428 .Joanncm
1162 4351 1210 4427 ad

101 4481 250 4560 Budaru.

200 4609 297 4688 cum
325 4610 580 4711 portanissent
605 4604 655 4682 ad
681 4603 819 4700 Pesth,
847 4603 971 4684 dudan
1001 4603 1211 4683 Pesticnsis

100 4739 182 4818 tecit
198 4740 239 4816 in
264 4738 405 4848 pslnim
431 4757 582 4816 acreum
610 4739 722 4836 caput
743 4729 880 4830 nigri⁴⁹
894 4727 938 4832 1,,
976 4729 1146 4811 hominis
1173 4741 1211 4811 ct
