3248 5210
434 450 486 530 46

315 671 318 678 ’
436 649 617 727 exaltauit
634 648 680 725 de
698 647 843 745 mundo,
865 653 902 726 et
919 646 975 724 sic
992 643 1274 726 exterminatum
1286 642 1550 744 estgeneratio

435 777 554 874 Regis
565 776 785 876 Matbicper
804 777 975 876 perjuros
985 782 1179 871 magnates
1199 773 1401 872 Hungaros
1419 781 1491 850 etc.

753 952 1083 1058 (clamosum
1101 953 1227 1057 xm).

543 1119 598 1224 ¹³1
614 1121 641 1200 J
643 1146 703 1198 am
712 1122 773 1198 ibo
785 1122 834 1197 ad
844 1120 1137 1218 Strigoniensem
1147 1119 1342 1224 Thomam,
1364 1119 1450 1196 dum
1467 1127 1555 1194 orat

436 1270 483 1322 cx
518 1249 696 1326 rusticale
727 1272 876 1345 genere.
916 1248 969 1323 Et
996 1247 1121 1324 audiui
1160 1270 1244 1323 eum
1269 1270 1337 1346 per
1366 1245 1554 1322 Mathiam

436 1373 580 1472 Regem
598 1375 637 1451 in
656 1398 830 1472 magnum
849 1378 1034 1476 prelatum
1054 1377 1146 1472 fore,
1167 1397 1283 1472 quare
1301 1374 1449 1451 iuvenis
1468 1381 1554 1448 erat

436 1509 474 1575 ct
492 1503 639 1579 solebat
657 1525 804 1601 semper
822 1525 978 1600 presens
989 1525 1073 1579 esse
1088 1523 1213 1577 coram
1232 1500 1351 1598 Rege.
1372 1500 1553 1576 Attamen

437 1635 517 1704 erat
535 1628 637 1703 Petri
657 1628 931 1728 archiepiscopi
950 1627 1119 1706 subditus
1134 1636 1287 1728 propter
1306 1627 1553 1704 existenciam

435 1778 542 1832 suam
553 1763 622 1831 etc.
642 1755 765 1833 Valde
781 1764 931 1856 ceperat
950 1756 1127 1853 diliger03
1147 1763 1312 1831 attanmn
1322 1779 1396 1830 non
1405 1756 1554 1854 peritus

436 1891 536 1980 erat,
552 1884 623 1960 sed
641 1883 894 1961 semiscolaris
923 1893 1014 1960 erat.
1045 1885 1096 1960 Et
1124 1885 1229 1960 Deus
1257 1883 1483 1984 altissimus,
1516 1891 1554 1958 et

435 2033 505 2087 sno
531 2011 699 2108 fortuna,
730 2009 814 2086 Rex
841 2011 1013 2108 dederat,
1044 2019 1082 2086 et
1110 2013 1366 2109 episcopatum
1394 2010 1554 2108 aprimis

346 2173 354 2184 ,
436 2137 678 2234 Agriensem,
716 2137 874 2236 posthoc
908 2137 1213 2235 Strigonienscm.
1251 2137 1303 2212 Et
1330 2143 1411 2213 erat
1437 2137 1555 2212 valde

437 2271 609 2342 astutuns
627 2271 665 2340 et
683 2286 841 2361 magnus
859 2265 898 2340 in
916 2265 1028 2363 hujus
1047 2266 1172 2342 mundi
1191 2289 1340 2365 pompa.
1369 2263 1552 2342 Habebat

435 2390 583 2465 titulum
611 2392 785 2488 multum,
815 2391 991 2468 videlicet
1017 2394 1203 2470 scribebat
1228 2416 1312 2468 sese
1330 2393 1399 2468 tali
1418 2391 1553 2467 modo:

436 2515 752 2616 Archiepiscopus
771 2517 1054 2614 Strigoniensis,
1076 2519 1294 2618 Propositus
1314 2518 1553 2614 Titulicnsis,

437 2643 650 2744 Episcopus
675 2646 965 2744 Zagrabiensis,
992 2655 1029 2724 et
1052 2645 1302 2724 Consiliarius
1321 2647 1443 2744 Regio
1467 2647 1554 2723 Ma·

431 2771 601 2868 jestatis,
631 2771 845 2850 Cardinalis
872 2773 991 2850 Rome
1020 2773 1148 2849 Sancti
1174 2774 1327 2850 Martini
1346 2775 1385 2850 in
1404 2783 1553 2868 monte,

436 2897 476 2972 in
494 2919 607 2998 super
626 2899 849 2976 Patriarcha
869 2901 915 2976 de
934 2899 1349 3001 Constantinopolitano
1368 2902 1491 2998 vrbis,
1515 2910 1555 2977 et

437 3023 492 3100 sic
516 3024 563 3101 dc
599 3027 696 3104 aliis.
732 3027 962 3128 'Pemporore
999 3051 1065 3105 sno
1103 3029 1187 3112 dum
1224 3029 1416 3106 sribcbant
1446 3025 1554 3106 1510

437 3151 546 3250 Papa
564 3151 683 3228 Rome
703 3153 786 3230 Deo
810 3156 960 3232 volente
988 3157 1192 3234 translatus
1221 3163 1321 3234 essct
1339 3156 1387 3232 ad
1405 3163 1553 3256 patrem

438 3283 624 3374 nost1um;
662 3287 700 3356 et
735 3280 817 3378 ipse
843 3305 924 3358 cum
960 3306 1097 3380 magna
1124 3284 1306 3361 astucicia
1341 3307 1410 3362 sua
1437 3305 1555 3358 vnum

438 3399 627 3481 Thnreum
647 3405 807 3484 Bassam
835 3408 1094 3488 Natulienscm
1113 3407 1148 3512 *)
1175 3411 1263 3486 fecit
1280 3411 1352 3488 sibi
1372 3411 1411 3486 in
1429 3409 1551 3486 filium

439 3551 520 3604 cum
539 3531 621 3607 fide.
650 3531 724 3609 Hic
746 3535 827 3632 jam
854 3535 1094 3636 prudenciam
1120 3560 1226 3614 suam
1253 3538 1348 3614 bene
1376 3536 1554 3614 derinans

439 3661 506 3738 sub
525 3659 650 3736 natica
666 3683 735 3736 sua
746 3661 965 3764 possuisset,
986 3671 1023 3738 et
1042 3663 1232 3739 'Phorcum
1251 3664 1324 3740 iam
1343 3663 1553 3762 predictum

439 3789 643 3864 donauerat
661 3811 742 3866 cum
762 3791 873 3867 rebus
892 3790 1007 3866 variis
1026 3791 1227 3888 preciosis,
1255 3799 1295 3867 ut
1313 3791 1412 3890 apud
1432 3790 1552 3870 Cesa-

439 3939 516 3992 rem
535 3913 740 3992 Turcarum
768 3915 951 3993 inveniret
978 3917 1049 3994 sibi
1068 3919 1254 4022 graciam,
1275 3940 1390 4015 quare
1408 3919 1552 4017 aliquid

439 4049 657 4142 prouentum
677 4043 723 4119 dc
748 4043 855 4120 titulo
881 4043 1099 4121 Patriarcha
1125 4053 1344 4143 prouentum
1370 4045 1441 4122 sibi
1465 4046 1550 4122 red·

440 4167 554 4244 deret.
584 4169 635 4244 Et
657 4169 778 4248 Bassa
803 4171 1035 4248 Natuliensis
1064 4169 1197 4250 Cesari
1222 4172 1429 4248 'lurcorum
1454 4175 1552 4250 noti-

440 4295 576 4372 ficauit.
602 4295 735 4374 lamail
753 4297 959 4374 'lurcorum
988 4299 1174 4376 intellexit
1191 4321 1336 4396 seeum,
1367 4300 1465 4396 quod
1495 4301 1553 4378 eis

441 4421 585 4499 demum
609 4431 709 4502 esset
730 4427 847 4522 bene;
872 4427 1034 4504 letanter
1057 4426 1305 4526 promiserunt
1330 4425 1419 4504 dare
1444 4431 1546 4504 omni

442 4573 539 4627 anno
557 4549 629 4628 duo
647 4551 752 4630 milia
769 4551 957 4632 marchas.

477 4763 502 4836 ‘l
522 4761 600 4824 dau
619 4763 878 4830 „Anatoliensem.“
