3238 5228
1113 533 1192 614 291

87 727 161 802 lieu.
192 751 274 804 eum
302 737 413 829 spata
440 751 509 804 sua
529 727 693 802 Turcum
723 707 895 804 celeriter
924 729 1061 828 incepit
1080 755 1194 829 erpu-

87 878 190 950 gnare
210 865 296 932 ante
310 854 466 956 januam
487 855 629 930 Buden.
660 855 711 929 Et
730 876 917 953 nunqnam
936 857 1109 955 permisit
1127 861 1194 936 ille

87 1002 169 1056 unos
191 983 422 1059 solummodo
451 981 600 1056 Torone
627 981 841 1079 permittere
869 983 1026 1082 pallium
1048 983 1093 1059 (le
1114 1010 1193 1062 ma-

87 1107 183 1184 nibus
201 1111 303 1204 suis,
323 1108 390 1188 sed
409 1107 619 1186 circuibunt
648 1129 742 1183 unus
771 1108 952 1206 alterum
980 1110 1078 1186 siout
1098 1111 1195 1188 Eze-

86 1234 207 1314 chielis
232 1239 376 1317 visione
403 1260 471 1315 suo
491 1237 738 1312 uoluebantur
767 1243 927 1332 quatuor
951 1239 1195 1334 ewangeliste

87 1361 282 1462 intuguris
301 1368 394 1444 suis.
424 1367 474 1471 Et
492 1366 637 1442 demum
664 1365 813 1444 Turcus
841 1366 956 1440 traxit
974 1367 1131 1466 pallium
1151 1367 1196 1444 de

87 1493 279 1588 scarlasio,
310 1501 347 1569 ct
374 1493 524 1570 Italion.
560 1493 723 1600 cucurrit
760 1493 953 1570 absolutus
976 1495 1055 1591 jam
1084 1517 1197 1600 super

87 1639 212 1715 equum
231 1599 338 1724 suum
357 1619 405 1696 ad
423 1619 668 1696 tabernacula
687 1641 826 1694 eorum.
1006 1711 1009 1720 Ι

185 1745 280 1822 Inde
308 1769 467 1848 nemppe
506 1743 717 1843 Gregorius
755 1746 935 1845 Pestieny
962 1753 1000 1820 et
1027 1744 1197 1822 Joannes

88 1871 183 1973 Dory
219 1884 254 1948 et
283 1877 431 1950 Bluciur
461 1877 616 1948 Arlaudr'
635 1869 670 1972 *)
699 1879 736 1946 et
764 1871 830 1946 alii
858 1871 1031 1968 Hungari
1061 1873 1199 1952 milites

88 1999 326 2096 loquebantur
355 1999 535 2092 inuiccm3
565 1997 742 2074 uidelicet
770 1998 815 2072 de
844 2005 951 2096 parte
979 1999 1199 2076 Alemanica

89 2124 310 2202 Valentinus
328 2124 469 2218 'Perek‚
491 2121 807 2221 FranciscusZay
827 2130 864 2198 et
882 2123 1025 2200 Paulus
1043 2124 1198 2226 Bakytt.

90 2251 132 2324 Et
150 2252 250 2326 inter
268 2274 309 2326 se
327 2235 595 2348 loquebantur,
621 2249 685 2326 sed
706 2273 779 2327 non
798 2252 902 2348 potui
922 2251 1062 2326 audire.
1083 2250 1198 2328 Ante-

87 2399 191 2472 quam
213 2375 360 2474 quidem
389 2376 560 2454 dominus
589 2376 768 2476 Pestieny
796 2399 970 2474 magnum
990 2399 1115 2454 casum
1134 2377 1198 2462 (le-

86 2501 185 2598 deret
216 2503 260 2578 de
290 2525 385 2600 equo
414 2502 726 2598 snoudunam,
757 2503 855 2600 quod
882 2525 1029 2604 semper
1057 2527 1200 2604 pauper

85 2630 322 2724 egrotabatur
341 2652 458 2727 vsque
478 2629 525 2706 ad
544 2637 711 2706 mortem.
735 2630 783 2704 Et
794 2631 917 2728 opinio
928 2639 1009 2706 erat
1028 2631 1127 2706 inter
1143 2653 1197 2724 se,

85 2765 121 2830 rt
146 2757 201 2832 nil
229 2759 457 2834 verebantur
485 2781 508 2832 a
537 2755 769 2850 Germanis,
808 2757 897 2854 quia
925 2757 996 2832 cito
1024 2757 1201 2832 recedunt

84 2905 173 2976 gens
193 2883 434 2960 Theutoniea
453 2883 498 2958 de
517 2883 587 2960 sub
607 2883 725 2960 Bulla.
755 2883 804 2958 Et
823 2883 952 2960 eodem
980 2883 1040 2960 die
1060 2883 1200 2960 Valen-

85 3009 180 3086 tinus
199 3008 331 3086 Terek
360 3033 427 3085 sex
457 3010 586 3084 luceos
615 3009 738 3106 pisces
762 3009 869 3085 viuos
888 3009 927 3084 in
946 3033 1022 3084 vna
1039 3010 1202 3084 tranizta

85 3133 340 3212 destinauerat
355 3135 452 3230 Regi
471 3135 497 3212 J
500 3137 611 3211 oanni
631 3135 679 3210 ad
699 3157 822 3210 arcem
843 3135 998 3228 Budam,
1020 3143 1057 3211 et
1076 3135 1130 3213 sio
1149 3137 1200 3212 ibi

86 3263 270 3340 invicem
298 3264 489 3360 segregati
527 3263 676 3339 fuerunt
704 3271 847 3360 postea.
886 3263 936 3338 Et
962 3262 1035 3361 ipsi
1064 3263 1202 3340 diuersi

86 3397 190 3466 erant
210 3389 258 3464 ad
277 3397 459 3500 castorem
480 3411 626 3480 eorum,
654 3397 689 3462 et
709 3388 826 3462 nostri
855 3389 1129 3464 reiterauerunt
1156 3386 1204 3470 ad

87 3541 210 3592 arcem
232 3517 374 3594 Budam
394 3517 568 3592 ciuitatis.

343 3802 676 3908 (CAPITULUM
705 3802 942 3906 LXXXIV).
1060 3819 1063 3827 “

195 4023 246 4096 Et
265 4022 397 4098 iterum
426 4023 637 4098 refocillata
665 4021 764 4096 lama
785 4021 886 4094 venit
908 4021 956 4096 ad
976 4019 1119 4116 Regem
1138 4020 1205 4095 Jo-

86 4171 245 4244 anuem,
276 4149 373 4244 quod
401 4149 530 4224 volunt
564 4148 684 4224 adhuc
709 4155 820 4222 vnum
850 4148 1051 4246 imppetum
1083 4149 1205 4220 lacere

86 4297 180 4370 erga
208 4273 393 4350 Joannem
427 4271 593 4368 Regem;
631 4272 733 4346 etin
762 4271 820 4346 uie
850 4273 990 4346 vellent
1027 4270 1208 4347 Germani

86 4403 232 4478 irruere
261 4399 299 4474 in
327 4401 491 4498 profesto
519 4400 627 4474 Beati
656 4397 800 4473 Thome
830 4399 1003 4498 apostoli.
1045 4397 1094 4472 Et
1122 4397 1208 4472 inde

86 4549 176 4602 mox
204 4525 343 4624 incepit
370 4527 534 4602 clamare
566 4524 682 4622 judex
713 4523 899 4600 Bullensis
928 4524 1063 4598 Petrus
1092 4521 1207 4616 Zabo,

95 4741 405 4754 n-——n-—o-q—-o

102 4859 106 4866 ,
126 4835 152 4896 ⁸)
177 4829 303 4884 Kesobbi
323 4829 377 4884 lucz
397 4829 469 4883 tlral
491 4827 645 4882 lutor-utve.
