3226 5220
1099 461 1178 539 223

88 673 117 738 et
132 664 165 738 iu
183 664 324 740 veniale
343 668 520 762 peceato,
541 661 580 736 iu
599 684 673 758 qua
690 661 830 736 wlnere
849 658 938 762 ὂψ·
969 669 1006 737 et
1023 661 1061 736 in
1078 663 1184 738 vlne-

86 815 119 866 re
151 790 305 866 minima.
344 791 396 864 Et
423 789 552 886 quinto
583 787 681 884 quod
708 786 929 863 sacerdotali
957 787 1184 865 eontinenoie

86 942 178 994 saera
196 919 387 1018 appositus
405 939 528 1014 eram,
548 914 658 992 etsie
676 914 722 990 de
740 914 908 1011 singulis.

175 1043 264 1120 Inde
301 1043 447 1142 quidem
484 1042 586 1118 venit
613 1043 715 1117 fama
741 1041 789 1116 ad
816 1042 960 1139 Regem
987 1042 1181 1140 Joannem,

86 1170 167 1268 quod
183 1171 228 1247 de
246 1171 436 1248 Kassouia
459 1171 647 1270 profectus
673 1168 805 1246 fuisset
833 1167 993 1246 Ooooian
1019 1170 1184 1247 Joannes

85 1301 139 1374 sub
166 1299 363 1374 Treuobeu
398 1320 521 1374 aroem
557 1295 726 1392 obsidere
763 1319 847 1372 oum
884 1294 1094 1374 Germanis.
1132 1299 1184 1373 Et

87 1427 286 1504 Francisous
306 1424 490 1524 Oapolnaj
511 1423 662 1500 fecisset
681 1423 843 1522 seipsum
862 1431 1048 1520 egrotum,
1073 1431 1111 1500 et
1138 1423 1184 1499 de

86 1577 157 1630 aree
173 1553 356 1630 Trinobin
374 1560 628 1652 peragrasset.
657 1552 708 1628 Et
735 1559 817 1627 erat
843 1575 938 1629 vnus
966 1553 1185 1629 soolastious

86 1681 211 1755 nomine
229 1679 396 1756 Miobael
415 1677 547 1754 Pnioh.
568 1678 620 1752 Et
638 1675 799 1753 Goooian
817 1677 920 1773 vidit,
940 1687 979 1754 et
986 1679 1182 1776 intellexit,

86 1807 163 1903 quod
181 1806 237 1884 vir
254 1806 457 1883 bellicosus
474 1828 547 1881 non
566 1810 685 1901 esset,
706 1803 771 1880 sed
799 1805 936 1903 aliquis
964 1807 1184 1883 efeminatus

86 1934 130 2008 vir
153 1941 259 2011 esset.
288 1931 502 2009 Destinauit
520 1933 685 2028 legatum
705 1953 787 2006 oum
806 1932 1036 2031 muneribus,
1066 1941 1104 2008 ot
1129 1933 1184 2008 iu·

86 2062 220 2140 tronisit
236 2062 402 2158 legatum
428 2058 699 2136 Germanorum
718 2082 799 2134 oum
827 2059 953 2136 verbis
981 2061 1121 2137 fauoris
1147 2067 1186 2136 et

87 2211 151 2262 oum
167 2187 396 2282 adulacione,
417 2192 457 2260 vt
475 2186 583 2261 daret
602 2209 746 2282 ornem,
767 2193 804 2261 et
821 2185 1080 2265 Ferdinandus
1099 2187 1184 2264 Rex

86 2323 165 2391 esset
180 2315 215 2392 ei
232 2313 426 2412 graciosus
444 2313 631 2409 dominus;
651 2319 688 2388 et
706 2312 858 2410 iusuper
885 2313 949 2391 vbi
976 2315 1092 2390 vellet
1119 2338 1183 2390 uo·

86 2441 244 2518 bilitatom
279 2439 503 2540 possesionis
539 2463 622 2516 oum
658 2438 877 2516 ducentibus
909 2441 1182 2538 jobugiouibus.

88 2567 228 2645 tliohuel
247 2569 362 2644 Deak
380 2567 419 2642 in
437 2565 546 2644 eorde
566 2590 632 2644 suo
650 2567 931 2663 gratulabatur,
951 2575 988 2643 et
1004 2568 1042 2643 iu
1070 2592 1182 2667 pran-

86 2694 130 2770 dio
152 2697 243 2773 bene
270 2695 449 2772 traetmit
477 2696 643 2792 legatum
671 2693 945 2771 Alemauornm.
975 2695 1079 2772 Inter
1106 2698 1181 2773 ool-

85 2822 195 2920 loquiis
213 2822 307 2898 dixit
325 2823 474 2919 legatus
493 2821 776 2918 Germanorum,
796 2847 868 2899 non
887 2822 984 2920 quod
1002 2846 1180 2922 ooonpas·

85 2957 127 3024 ot
150 2973 271 3028 areem
299 2950 448 3050 penitus
475 2975 499 3024 a
526 2949 633 3047 Rege
667 2949 834 3044 Joanne,
863 2948 929 3026 sed
956 2949 1088 3027 melius
1116 2953 1182 3028 wlt

84 3076 203 3154 seruire
240 3076 323 3154 sibi.
361 3075 566 3152 Admodum
606 3084 689 3152 erat
715 3077 783 3152 illu
811 3075 1066 3174 prenarioaoio
1094 3101 1181 3154 aree

85 3201 377 3296 Treuobinieusis,
397 3201 495 3278 siout
512 3201 631 3279 Cesar
650 3203 857 3278 anoarum
868 3201 904 3277 N
907 3201 1177 3280 nudor-Albam

85 3329 240 3408 aBlusuo
269 3337 307 3406 et
334 3354 358 3404 a
384 3329 529 3407 Joanne
559 3329 741 3429 Morgay3
769 3327 912 3403 demum
941 3328 1037 3425 quod
1064 3332 1181 3406 vellet

86 3454 250 3536 Coroniam
278 3457 419 3536 seruire
456 3457 593 3534 Joanni
621 3456 730 3553 Regi.
760 3456 925 3532 Miobael
953 3457 1067 3534 Deak
1093 3483 1177 3538 mox

85 3583 183 3662 adesit
198 3584 325 3662 verbis
341 3583 608 3660 fauorabilibus
627 3590 664 3658 et
690 3582 1009 3682 promissionibus,
1039 3593 1077 3662 et
1103 3595 1179 3666 sta-

85 3711 135 3786 tuit
150 3712 220 3790 sin:
244 3711 376 3810 ,Quod
395 3710 444 3787 ad
464 3710 730 3809 quindecimum
750 3709 878 3809 quodsi
906 3735 965 3786 me
992 3737 1065 3790 non
1092 3740 1178 3814 pro-

84 3839 156 3934 tegit
171 3863 273 3917 mens
292 3839 377 3916 Rex
394 3839 580 3934 Joaunes,
601 3846 736 3915 extumo
755 3838 850 3915 dabo
869 3861 1014 3936 areem;
1034 3841 1100 3918 sed
1118 3843 1177 3921 die

86 3963 202 4046 domino
221 3965 405 4060 Ooooian,
426 3965 523 4065 quod
541 3966 651 4044 debet
668 3966 833 4062 sagitare
853 3973 891 4042 et
910 3965 958 4042 ad
975 3967 1176 4067 imppetum

85 4089 124 4165 'ne
139 4101 261 4172 oontra
279 4093 439 4170 aroem.“
463 4093 514 4168 Et
532 4091 586 4170 sio
608 4095 687 4190 jam
714 4097 940 4190 parauerunt
965 4099 1103 4169 sertam
1130 4096 1178 4170 ad

86 4227 184 4315 eaput.
204 4221 256 4300 Et
274 4219 412 4296 eratin
431 4241 517 4294 aree
536 4219 677 4296 Paulus
695 4217 875 4295 heremita
885 4220 1018 4316 janeus
1035 4220 1175 4300 Budeu.

85 4346 135 4420 sub
151 4369 220 4424 vua
237 4351 340 4426 botta
358 4367 439 4424 oum
457 4369 529 4424 nno
546 4345 747 4442 heremita,
776 4353 814 4421 et
840 4367 934 4424 unns
961 4347 1176 4427 adolescens

86 4465 228 4551 Turoius.
257 4475 365 4552 Vnus
391 4474 550 4552 rustinus
570 4474 704 4550 estuati
722 4479 804 4550 erat
821 4496 888 4572 per
912 4473 1036 4569 ignem
1054 4474 1100 4550 de
1117 4477 1174 4574 pi·

86 4595 149 4674 ride
164 4601 310 4700 igneam
328 4608 427 4700 topia
446 4602 492 4678 de
519 4603 724 4680 bombarda
751 4603 981 4698 sagitassent
1008 4601 1052 4676 de
1072 4610 1173 4680 exte-

87 4721 171 4803 riore.
189 4726 300 4820 Quod
317 4727 534 4806 nrimassent
559 4735 636 4806 tum
655 4731 694 4808 in
712 4729 798 4808 forti
824 4729 904 4806 looo
931 4735 1032 4826 erat,
1061 4753 1174 4808 nausa
