3248 5210
409 495 485 575 100

407 723 513 778 suam
533 709 570 776 et
595 702 717 776 euasit
745 701 789 775 de
819 699 1028 795 Hungaria.
1059 701 1110 775 Et
1139 707 1221 776 erat
1249 699 1371 775 adhuc
1397 701 1530 776 adole-

406 833 515 904 socha
543 827 581 900 in
608 827 840 902 continencia
867 850 957 922 sua;
987 834 1025 901 et
1049 828 1249 902 tentorium
1289 849 1395 903 suam
1432 827 1530 902 arri·

406 959 585 1051 puerunt,
620 959 657 1028 et
673 946 866 1050 quicquid
888 961 1089 1053 potuerunt
1123 953 1404 1053 apprehendere
1440 953 1531 1029 inde

407 1079 571 1177 spolium
590 1087 777 1153 euenerat.
806 1079 856 1154 Et
876 1081 1000 1155 omnia
1019 1078 1233 1180 Stephanus
1253 1079 1369 1156 Bator
1387 1079 1530 1179 palati·

407 1229 478 1282 nus
498 1205 694 1304 occupauit
711 1207 878 1280 totaliter
897 1206 1141 1283 hereditatem
1160 1230 1287 1304 suam,
1317 1215 1354 1283 et
1372 1207 1531 1305 insuper

373 1371 375 1376 ·
407 1332 595 1407 infidelem
614 1334 941 1430 proclamaueruut
959 1334 997 1407 in
1017 1341 1248 1432 perpetuum.
1271 1335 1322 1410 Et
1340 1335 1531 1430 integrum

408 1482 544 1535 annum
563 1483 636 1534 non
655 1465 829 1556 poterant
848 1461 994 1556 audire,
1015 1461 1078 1536 vbi
1097 1469 1208 1537 esset.
1230 1459 1300 1537 Isti
1319 1462 1390 1537 duo
1408 1463 1530 1536 latro·

410 1609 477 1661 nes
496 1586 633 1661 hames
652 1606 740 1679 suo,
767 1586 941 1662 videlicet
960 1585 1174 1686 Stephanus
1194 1587 1329 1664 Suliok
1348 1584 1416 1691 (et)
1436 1587 1530 1664 Bla-

409 1713 487 1788 sias
507 1709 642 1787 Suliok
661 1713 849 1808 perterriti
868 1715 1035 1810 fuerunt,
1066 1715 1194 1812 stipsi
1214 1715 1286 1790 oito
1305 1715 1531 1790 latitnerunt

409 1861 451 1914 se
469 1837 592 1935 ipsos,
624 1837 687 1934 qui
707 1837 857 1913 aiebant
884 1838 1002 1936 Regi,
1033 1821 1131 1938 quod
1150 1838 1226 1942 (res
1246 1841 1374 1917 fratris
1393 1839 1532 1940 nostri)

410 1962 454 2038 de
492 1964 662 2040 manibus
697 1966 835 2042 nostris
872 1991 946 2045 non
984 1969 1144 2044 velimus
1180 1967 1373 2062 dimitere,
1401 1968 1531 2044 donek

410 2091 648 2187 quatraginta
667 2091 771 2166 milia
790 2117 936 2171 marcas
965 2094 1169 2194 deponeret
1196 2094 1278 2170 Rex
1298 2093 1529 2172 Ludouious.

410 2216 559 2292 Extare
577 2218 706 2313 fugam
725 2217 878 2294 dederat
897 2222 966 2297 suh
986 2227 1171 2319 potestate
1190 2221 1216 2297 J
1218 2222 1350 2297 oannis
1367 2221 1531 2296 vaiuode

409 2343 448 2416 in
467 2342 813 2440 Transsiluaniam,
840 2353 982 2444 etpost
1008 2346 1197 2422 biennium
1225 2347 1392 2443 graciam
1409 2348 1531 2446 impe·

410 2477 578 2550 trauerat
604 2469 753 2566 Regina
787 2470 910 2546 Maria
938 2497 961 2546 a
988 2472 1095 2568 Rege
1112 2481 1160 2567 ¹et
1188 2497 1212 2548 a
1239 2475 1530 2572 regnicolarum,

411 2597 568 2696 quodsi
597 2597 773 2672 ancillam
809 2595 1072 2674 Germanicam
1110 2601 1220 2677 debet
1257 2602 1446 2700 copulare.
1478 2602 1534 2676 Et

410 2724 636 2804 Valentinus
664 2725 864 2824 spopondit
883 2733 920 2802 et
939 2725 1129 2828 oopulauit
1156 2750 1238 2804 eam
1267 2729 1530 2822 latrunculum,

411 2875 482 2949 que
500 2852 645 2927 demum
665 2857 746 2927 erat
763 2853 875 2928 leona
903 2846 1125 2950 lutteriana,
1146 2861 1288 2954 etpost
1306 2855 1444 2930 domini
1465 2879 1530 2930 aa·

410 2986 513 3076 ptum
542 3001 649 3055 sunm
676 2979 870 3058 Valentini
898 2983 1055 3079 predicti
1073 2984 1111 3057 in
1131 2981 1356 3060 Debrechen
1381 2989 1533 3060 mortua

411 3113 511 3201 erat,
532 3113 569 3181 et
585 3107 638 3183 ibi
657 3108 807 3204 sepulta
825 3115 884 3184 est
902 3110 1001 3206 apud
1020 3109 1235 3186 monachos.
1266 3111 1318 3185 Et
1335 3109 1438 3186 socia
1456 3132 1532 3185 sua

410 3233 615 3329 permansit
642 3233 854 3309 latrunculo
882 3235 1026 3313 Vrbani
1055 3235 1199 3334 Fanchj
1220 3235 1376 3312 condam
1393 3235 1531 3312 relicta

411 3365 480 3432 etc.
500 3358 584 3435 Rer'r
603 3357 816 3438 Ludouious
836 3362 961 3437 ‘mouit
985 3387 1026 3440 se
1046 3363 1095 3438 ad
1114 3362 1287 3462 Quinque
1314 3363 1529 3440 Ecclesiam.

412 3481 544 3560 Adhuc
563 3482 752 3581 Georgius
781 3485 1046 3566 Gassouiensis
1075 3491 1227 3565 tenebat
1255 3489 1528 3588 episcopatum,

411 3630 525 3706 quare
545 3621 795 3710 occupauerat
823 3613 1186 3714 archiepiscopatum
1216 3614 1529 3712 Strigoniensem.

411 3737 494 3813 Rex
512 3757 656 3834 pauper
682 3735 896 3816 Ludouious
914 3740 968 3815 ibi
988 3742 1154 3838 spacium
1182 3742 1365 3820 habuerat
1383 3743 1531 3819 duobus

410 3861 610 3958 mensibus,
632 3869 669 3937 et
686 3863 735 3938 ad
752 3863 1057 3961 purificacionem
1075 3855 1192 3944 Be'ate
1213 3867 1335 3944 Mario
1353 3867 1530 3963 Virginis

412 3989 460 4064 ad
479 3988 622 4064 Budam
642 4013 758 4089 supra
776 3993 972 4090 equitauit,
994 4001 1031 4068 et
1048 3995 1160 4071 valde
1174 3997 1254 4093 jam
1274 3993 1530 4090 cogitaciones

411 4115 619 4212 cogitabat,
650 4116 810 4214 qualiter
829 4114 922 4224 Ἢν·
943 4123 1168 4218 gubernaret
1204 4115 1375 4217 Regnum
1403 4141 1527 4197 suum.

412 4241 463 4316 Et
481 4241 536 4316 ira
561 4249 765 4320 commotus
793 4245 841 4320 ad
869 4247 1087 4346 episcopos,
1118 4248 1165 4323 ad
1194 4245 1400 4343 Georgium
1428 4250 1527 4322 mer·

414 4373 574 4445 catorem
604 4367 913 4471 Oassoaiensem,
942 4375 1119 4473 precipue
1140 4373 1187 4450 ad
1205 4381 1368 4450 sutorem
1391 4371 1528 4448 Ludis·

411 4499 511 4574 laum
530 4495 684 4595 Zaloaj;
705 4505 742 4573 et
760 4499 970 4578 iaciescam
979 4503 1107 4600 palma
1125 4523 1195 4579 sua
1214 4499 1296 4578 Rex
1315 4507 1470 4578 moleret
1490 4499 1527 4600 *)

447 4791 480 4854 *l
500 4787 564 4846 uls
582 4785 636 4844 kda
654 4786 726 4845 dltal
741 4785 855 4858 jovitae
877 4786 1059 4856 „percussit”
