3248 5210
275 397 422 475 .ἶὲ

371 596 524 674 roribus
542 595 810 692 Huugarorum
828 602 867 669 et
895 616 977 670 cum
1006 596 1181 692 ingeniis.
1212 596 1263 674 Et
1290 617 1401 693 qnum
1421 617 1487 671 aa·

370 723 493 819 gitare
512 727 690 821 ceperunt
717 743 843 800 arcem
863 719 1071 800 ancarnm
1089 725 1206 818 bene,
1233 730 1270 799 et
1297 708 1408 798 ualde
1436 721 1491 797 ad

370 848 514 929 ruinam
534 849 647 924 dabat
665 872 718 924 ee.
740 842 1140 952 anmjamjvidiooent
1158 847 1333 946 Hungari
1354 871 1484 927 arcem

369 975 504 1050 leuiter
532 975 581 1050 ad
609 973 861 1074 coupandnm,
901 973 1075 1050 dixerunt
1113 975 1161 1050 ad
1187 975 1374 1054 Joannem
1401 975 1486 1049 vai-

369 1101 532 1177 uodam:
557 1101 639 1198 „Ne
667 1101 829 1200 amplius
856 1101 1023 1197 negitare
1051 1125 1174 1178 arcem
1199 1125 1247 1178 ne
1272 1123 1489 1196 noceamus,

371 1229 458 1326 quia
476 1229 549 1306 ista
568 1253 636 1303 arx
656 1232 805 1327 estjam
835 1229 955 1326 Regia
984 1229 1233 1327 Majeetatis.“
1266 1229 1340 1305 Hie
1366 1229 1490 1308 Joan·

371 1377 438 1430 nes
465 1355 504 1429 in
532 1353 680 1430 dubium
710 1379 755 1430 ac
782 1355 911 1431 dolore
939 1355 1061 1430 cordio
1090 1357 1248 1452 cecidit,
1288 1357 1490 1454 quiaipae

373 1483 525 1559 volebat
542 1505 610 1580 pro
621 1505 674 1558 se.
695 1483 747 1557 Et
755 1483 920 1560 habebat
928 1505 1041 1558 vnum
1054 1483 1210 1560 militem
1221 1478 1490 1583 thlliaqar*)‚

372 1608 435 1705 qui
461 1615 543 1683 erat
569 1614 743 1686 euenuus
770 1609 810 1684 in
836 1609 978 1686 milicia
996 1632 1076 1686 ena.
1105 1608 1194 1709 Ipse
1221 1631 1305 1684 cum
1333 1613 1491 1684 caterua

372 1757 440 1812 sua
459 1734 508 1809 ad
524 1735 702 1833 impetum
731 1736 910 1832 cucurrit,
936 1743 973 1812 et
989 1739 1086 1814 bene
1114 1758 1183 1835 per
1206 1739 1360 1834 januam
1388 1733 1492 1812 arcis

372 1861 573 1937 intrabant.
593 1860 771 1938 Attamen
789 1861 1361 1940 aneiadaucteretcconnereo
1380 1867 1492 1937 extra

373 1995 691 2084 expugnauerunt.
722 1987 815 2062 Inde
834 1988 879 2063 de
897 1987 1066 2066 Zendere
1096 1988 1228 2084 Turul,
1259 1988 1322 2084 qui
1340 1987 1491 2063 habita-

372 2114 463 2188 bant
482 2115 520 2188 in
540 2113 746 2191 confinibus
765 2115 843 2190 ouis
860 2115 1084 2211 inmagnam
1103 2129 1292 2191 cateruam
1311 2114 1492 2190 cumulati

374 2245 500 2334 erant,
530 2246 567 2314 et
593 2240 679 2316 ilico
710 2245 840 2316 contra
868 2239 1072 2336 Hungaroc
1100 2240 1147 2315 ad
1174 2241 1269 2316 facie
1295 2246 1491 2316 steterunt.

373 2364 583 2460 Antequam
608 2365 801 2460 dicebant,
832 2367 930 2461 quod
956 2390 1032 2442 non
1059 2373 1161 2443 esset
1188 2366 1354 2460 Turcus‚
1380 2371 1416 2440 et
1434 2363 1493 2438 nil

371 2491 689 2590 premeditabant‚
719 2491 948 2568 solummodo
977 2493 1016 2566 in
1043 2516 1119 2568 vua
1146 2492 1303 2568 camisia
1329 2491 1369 2565 in
1394 2488 1489 2588 Maij

373 2639 500 2705 mense
529 2616 710 2692 sedebant
727 2617 766 2692 in
786 2618 994 2695 cauteribus
1018 2619 1107 2694 ouis.
1139 2617 1260 2709 Quum
1280 2615 1493 2694 sensissent

374 2743 538 2818 Turcnm
551 2746 632 2841 jam
651 2733 852 2836 adfaciem
881 2767 1007 2820 eorum
1036 2743 1206 2839 stetisse,
1227 2765 1301 2818 non
1331 2763 1488 2840 accepe-

373 2877 459 2946 runt
477 2871 525 2944 ad
543 2871 767 2946 trufandum.
797 2869 882 2947 Cito
911 2870 960 2945 ad
988 2874 1097 2946 turca
1124 2874 1419 2966 preparaucrunt
1445 2889 1491 2944 se

373 2997 498 3094 ipsos,
528 3001 566 3068 et
592 2995 675 3071 Deo
706 2995 907 3092 adjumanto
945 2995 1056 3070 valde
1084 2995 1303 3092 optinebant
1330 2994 1488 3069 lucrum.

375 3122 498 3196 Tanto
527 3120 659 3196 melius
683 3119 793 3196 hanni
821 3127 947 3216 erant,
975 3126 1013 3196 et
1040 3141 1196 3216 cumque
1220 3118 1372 3216 agmina
1390 3117 1489 3194 Tur·

376 3269 500 3322 carum
539 3247 933 3344 appropinguaeeent,
973 3247 1072 3343 quod
1107 3245 1279 3322 viderunt
1316 3243 1490 3340 Hungari

376 3373 646 3458 multitudinem
673 3393 926 3472 paganorum,
956 3373 1193 3472 arripuerunt
1217 3372 1342 3447 statim
1361 3371 1491 3466 lugam

376 3523 508 3576 verone
525 3499 853 3598 :Nandor-Albam.
877 3497 930 3573 Et
948 3521 1086 3594 magna
1105 3498 1176 3574 dno
1196 3497 1358 3574 miliaria
1376 3496 1491 3574 dietat

376 3630 424 3706 ab
444 3627 618 3702 invicem.-
645 3624 767 3719 Quum
785 3625 967 3701 vidissent
990 3624 1035 3700 dc
1055 3648 1142 3700 arce
1160 3625 1198 3700 in
1217 3631 1342 3700 monte
1361 3623 1489 3720 Tuci,

377 3753 590 3832 clamabant
608 3751 804 3828 admodum
823 3750 868 3826 de
887 3747 1119 3826 Samomore
1131 3750 1341 3846 linguarum
1361 3750 1487 3846 Turni,

377 3882 575 3958 dieentes:
614 3885 738 3978 „Cocli
762 3883 893 3972 horor,
922 3881 1024 3954 Cocli
1052 3903 1163 3954 conor
1180 3877 1213 3972 ,“
1245 3877 1487 3974 incessanter,

378 4009 476 4108 qnod
494 4007 676 4086 vidissent
692 4005 821 4110 lugam
840 4004 1115 4102 Hungerornm.
1142 4003 1194 4080 Et
1211 4005 1384 4082 celeriter
1402 4029 1488 4084 mox

377 4137 674 4233 exsequebantur
704 4157 769 4210 eoo
787 4139 825 4210 et
851 4133 969 4210 libere
997 4129 1249 4229 confligebant
1276 4155 1343 4210 eoo
1370 4157 1487 4232 voque

377 4264 426 4341 ad
451 4271 596 4362 portam
624 4261 722 4340 areis
749 4257 1071 4338 Nerion-Albam.
1100 4259 1153 4336 Et
1176 4260 1216 4338 in
1243 4262 1334 4356 lnge
1360 4262 1486 4340 fatum

383 4521 690 4534 ..βαιῇ-ιιι-

414 4657 443 4720 ·)
461 4655 588 4714 Kdrdbbi
606 4653 662 4714 ker
674 4655 843 4729 „cominger
861 4651 1004 4713 Bodamur
1022 4670 1095 4714 vnur
1114 4673 1147 4714 ax
1165 4656 1225 4714 rum
1242 4655 1368 4731 primia·
