3294 5208
406 440 459 525 20

406 646 618 723 obtulerunt
645 643 786 720 Matbie
814 641 970 721 Coruini
988 649 1141 743 propter
1169 639 1515 719 confederacionem

407 772 600 868 utriusque
630 771 920 867 gratuleoiones.
949 769 1042 846 Post
1058 769 1129 845 heo
1148 791 1231 844 enm
1249 769 1393 867 peratis
1411 767 1517 865 inge·

406 899 479 977 niis
506 897 584 976 suis
610 895 693 974 Rex
720 899 838 974 movit
863 919 905 974 se
932 903 1085 996 repente
1113 917 1196 973 oum
1223 897 1306 972 eeie
1341 917 1411 972 sne
1446 895 1517 970 snb

407 1027 565 1122 Vienna,
596 1031 633 1101 et
659 1024 804 1102 obsedit
829 1023 974 1122 integre
1001 1024 1143 1123 septem
1163 1023 1283 1102 annis.
1312 1018 1434 1099 Erant
1450 1023 1516 1098 bu-

407 1175 542 1231 ronnes
569 1175 614 1228 ee
640 1150 779 1228 milites
807 1173 889 1226 enm
918 1151 1036 1226 multi.
1073 1149 1151 1228 Iste
1179 1147 1334 1250 Ohnpor
1358 1145 1520 1249 veide‘)

406 1280 452 1356 de
467 1279 645 1379 Boronye
662 1299 744 1354 eum
773 1285 925 1353 euterun
943 1301 1013 1354 suo
1031 1285 1069 1354 et
1087 1285 1169 1354 eret
1196 1277 1305 1354 miles
1332 1273 1519 1354 strennus.

407 1407 573 1504 Cumque
600 1405 760 1483 borelim
786 1405 964 1481 ludebant
989 1405 1029 1482 in
1047 1405 1181 1483 toxillo
1206 1404 1369 1514 tentorio
1396 1401 1521 1499 Regie

408 1533 632 1632 Mejestetis‚
660 1555 749 1632 sepe
766 1533 951 1610 interdum
973 1535 1120 1610 lucrare
1138 1538 1289 1631 oepernt
1306 1529 1460 1628 Regem,
1481 1535 1520 1603 et

407 1661 464 1738 nil
482 1658 555 1736 sibi
573 1657 737 1745 ieoebot,
766 1657 833 1735 sed
859 1679 1008 1758 semper
1026 1658 1065 1733 in
1082 1657 1179 1734 iooie
1206 1657 1438 1755 loquebatur.
1467 1653 1521 1730 Et

409 1787 493 1864 Rex
520 1785 559 1860 in
587 1808 628 1862 se
655 1785 847 1862 relabetur
874 1807 957 1860 oum
993 1801 1103 1862 seruo
1131 1807 1209 1862 sno.
1238 1783 1396 1880 Tanque
1425 1781 1522 1857 dixit

408 1913 493 1988 Rex
519 1908 716 1986 videlieet:
758 1909 959 2007 „Crastina
986 1909 1046 1987 die
1073 1911 1160 1988 volo
1187 1911 1389 2007 impetunm
1417 1911 1520 1984 tunm

409 2061 492 2117 eum
519 2035 673 2114 euterun
699 2039 800 2114 tunt
831 2037 882 2113 Et
907 2061 1017 2114 mene
1045 2060 1126 2113 enm
1153 2039 1303 2114 foetum·
1319 2045 1431 2127 esset,
1472 2033 1522 2110 ed

409 2189 520 2246 vnem
552 2165 714 2242 bestium
741 2165 862 2242 tribus
888 2165 1035 2244 vioibns
1063 2165 1110 2252 ed
1137 2177 1270 2243 ostrum
1306 2165 1449 2241 ieoeret
1484 2169 1523 2238 et

409 2294 621 2391 optinebet3
649 2297 687 2390 et
696 2289 794 2386 Regi
812 2291 929 2366 mnlto
946 2289 1064 2390 preda
1082 2291 1332 2391 presentobet,
1344 2300 1382 2367 et
1400 2291 1523 2365 altere

409 2420 470 2496 die
488 2419 558 2496 eub
576 2437 719 2492 murum
738 2415 887 2494 Vienne
904 2399 1070 2494 residnit.

515 2544 681 2620 Etvnus
699 2563 720 2616 e
738 2561 941 2618 conversus
966 2541 1241 2622 famosissimus
1267 2543 1327 2620 vir
1353 2541 1521 2622 Thente-

409 2673 517 2756 nious
535 2672 645 2748 miles
662 2671 905 2770 expugnabat
922 2668 1125 2768 Hungeros
1142 2671 1181 2746 in
1198 2693 1268 2748 sna
1286 2693 1391 2750 erma
1407 2695 1521 2774 snper

410 2822 556 2899 equum.
576 2797 627 2874 Et
636 2797 762 2874 nnllns
780 2798 1020 2895 persumebet
1030 2798 1150 2897 ipsum
1160 2807 1400 2898 exspectare3
1419 2823 1521 2877 enm·

409 2951 480 3027 qne
498 2925 704 3014 inruebant,
743 2929 781 2998 et
799 2924 918 2999 multe
936 2923 1137 3023 pernieiem
1154 2923 1317 3002 iuoiebet
1343 2925 1389 3002 de
1415 2925 1522 3004 Hnn-

233 3091 238 3104 ·
284 3051 288 3072 '
313 3067 319 3142 j
410 3053 525 3154 geris.
555 3053 606 3128 Et
633 3057 838 3128 eommotns
856 3050 995 3128 eratin
1013 3049 1220 3130 visceribus
1243 3051 1333 3148 suis,
1353 3059 1391 3128 et
1407 3051 1521 3131 dixit:

415 3179 533 3280 „Quis
560 3178 650 3253 telis
668 3177 727 3253 vir
746 3183 823 3272 est,
853 3177 917 3276 qni
944 3178 1163 3278 precederet
1187 3177 1300 3257 istnm
1325 3181 1523 3280 latronem,

411 3329 497 3382 mox
516 3301 772 3380 eeoomodoret
789 3301 863 3378 sibi
890 3327 1001 3380 vnum
1029 3325 1154 3380 ereem
1173 3327 1257 3382 enm
1280 3308 1524 3405 proventibus

411 3431 523 3512 onis.“
553 3428 702 3505 Extnne
729 3451 852 3504 eorem
876 3427 960 3527 ipso
979 3431 1130 3507 estobot
1147 3453 1244 3509 vnus
1262 3431 1371 3509 miles
1388 3430 1524 3536 Rooiu-¹

412 3579 481 3636 nus
499 3553 712 3634 Demetrius
738 3553 765 3632 J
767 3553 890 3632 oksit:
923 3554 989 3654 „si
1007 3555 1098 3632 mihi
1121 3557 1422 3636 eoeomodoneris
1439 3557 1525 3636 Rex

335 3771 340 3782 ,
411 3708 484 3786 qno
501 3681 644 3780 dixisti,
673 3703 745 3780 ego
772 3681 1107 3782 expensionum
1139 3683 1220 3760 eo.“
1252 3683 1368 3761 Dedit
1393 3653 1545 3762 menos*

411 3833 500 3891 sues
526 3807 609 3888 Rex
638 3807 688 3884 ed
714 3831 847 3886 menne
884 3808 1077 3887 Demetrio
1104 3809 1274 3888 Jnksith.
1311 3811 1528 3888 Demetrius

411 3937 542 4018 Jrksu
568 3957 652 4012 eum
680 3935 911 4014 militonibns
936 3935 1016 4014 suis
1042 3938 1336 4036 properantum
1362 3959 1526 4038 pugnem

412 4087 522 4165 qoem
540 4061 676 4163 optime
707 4067 843 4160 potest
872 4059 1045 4140 Seonndo
1064 4061 1125 4139 die
1142 4061 1400 4143 'Phentoniens
1417 4063 1528 4143 miles

410 4213 478 4290 per·
504 4193 689 4268 insessum
711 4191 828 4286 janne
855 4189 1085 4268 Viennensis
1111 4189 1238 4289 exinit,
1268 4199 1307 4268 et
1333 4191 1435 4292 oepit
1460 4213 1527 4269 en-

411 4317 539 4396 dneter
555 4337 670 4416 snper
696 4335 831 4412 equom
857 4316 1037 4416 equitus
1065 4315 1119 4392 Et
1136 4315 1309 4394 dixernru
1336 4317 1528 4398 Demetrio

411 4441 554 4540 Joksit,
581 4439 680 4541 qnod
705 4441 815 4520 miles
842 4439 1049 4522 dlemenns
1060 4444 1143 4542 jem
1171 4443 1275 4522 venit
1304 4444 1353 4522 od
1379 4449 1527 4526 sareu.

447 4717 557 4806 oure
569 4729 697 4806 aaron
711 4729 765 4790 nr·
776 4747 795 4788 ι
806 4727 903 4789 uum
918 4729 1072 4804 „monus
1084 4727 1226 4808 elops·
