3260 5226
410 513 491 630 114

412 737 487 811 gno
516 709 625 818 ¹⁰⁵·('·
645 713 692 790 de
717 714 786 792 snb
814 735 901 790 arca
929 711 1111 810 Fogaras.
1141 711 1193 788 Et
1219 735 1356 812 corpus
1382 715 1467 811 ejus
1496 714 1538 788 in

413 861 500 916 aera
528 839 733 938 liquefacta
758 839 901 918 fecerat
928 839 1045 916 trater
1073 837 1285 937 Georgius,
1315 847 1353 916 et
1370 839 1410 916 in
1427 839 1537 916 locu·

412 968 489 1044 lum
508 973 737 1064 statuerant,
767 974 806 1042 et
823 967 978 1066 insuper
995 965 1218 1044 intrinsecus
1237 989 1320 1044 cum
1338 965 1538 1044 buttimine

412 1093 520 1170 linire
558 1094 700 1171 iecerat
735 1093 953 1172 monachus.
989 1093 1039 1170 Et
1071 1095 1293 1171 leuauerunt
1319 1115 1456 1193 corpus
1486 1091 1538 1168 ad

409 1241 518 1328 „suam
545 1221 786 1320 quadrigam,
806 1229 844 1298 et
862 1229 1105 1322 portauerant
1123 1221 1223 1300 circa
1241 1221 1430 1320 Reginam
1450 1219 1537 1298 Eli·

412 1349 523 1424 aabet
550 1348 598 1424 ad
626 1348 782 1426 Budam.
812 1349 864 1424 Et
882 1348 1030 1446 Regina
1053 1349 1147 1425 vidit
1165 1350 1275 1446 quasi
1293 1348 1534 1442 semidolore,

413 1474 510 1552 sicut
537 1473 731 1572 Georgius
757 1474 960 1572 heremita3
989 1482 1027 1552 et
1053 1477 1223 1576 sepultus
1252 1483 1310 1552 est
1336 1476 1376 1551 iu
1403 1497 1534 1554 mense

416 1600 581 1698 Augusti
597 1580 803 1678 ‘Laureuoii
822 1602 988 1680 martiris
1006 1625 1105 1678 auno
1127 1599 1241 1680 1540.

517 1727 568 1803 Et
593 1727 859 1805 hornotissime
897 1727 1160 1804 dedicacarunt
1194 1750 1275 1804 cum
1303 1727 1533 1805 solennitate

413 1875 575 1952 magna,
603 1862 642 1932 et
660 1856 700 1932 iu
719 1855 908 1933 offertorio
928 1855 974 1932 dc
994 1879 1085 1932 auro
1104 1877 1199 1954 puro
1218 1853 1383 1932 florenos
1404 1845 1457 1932 19
1482 1854 1531 1932 ad

412 2003 517 2058 aram
536 1982 659 2060 crucis
677 1982 717 2057 in
735 2005 880 2060 summa
898 1983 1033 2080 missa,
1059 1990 1097 2058 et
1114 2006 1183 2082 pro
1203 1981 1464 2060 sacerdotibus
1483 1979 1533 2056 ad

411 2107 628 2186 assuendum
662 2131 775 2186 vnum
802 2132 916 2186 vnum
943 2109 1143 2206 florenum,
1173 2117 1211 2185 et
1239 2115 1421 2186 venerant
1447 2115 1533 2209 post

411 2235 643 2334 sepulturam
662 2235 743 2332 eius
762 2229 918 2312 Budam.

748 2503 1080 2609 (osmundum
1108 2501 1190 2608 op.

516 2721 591 2798 Hic
619 2743 700 2799 cum
720 2723 890 2820 audiam,
911 2724 1109 2822 superiora
1127 2745 1220 2822 pars
1238 2721 1455 2818 gandebant
1473 2723 1528 2798 11-

409 2849 485 2943 tui,
505 2851 603 2948 quod
620 2857 777 2928 mortem
804 2852 879 2930 sibi
908 2851 1137 2948 suscepisset
1160 2873 1207 2924 ex
1226 2849 1421 2926 voluntate
1441 2849 1527 2926 Dei.

411 2973 501 3052 Mox
538 2977 714 3068 incitatus
753 2986 835 3054 crat
871 2977 954 3056 Rex
992 2977 1252 3054 Fordiuandns
1279 2997 1348 3076 per
1375 2976 1527 3052 Petrum

411 3101 553 3204 Priny3
583 3104 672 3200 quia
703 3107 782 3202 Jam
811 3105 1035 3184 secundario
1064 3106 1266 3182 abstracta
1281 3111 1363 3182 crat
1391 3126 1528 3180 corona

410 3229 583 3326 angelica
610 3228 656 3305 de
683 3251 795 3306 manu
822 3255 911 3328 sua;
951 3231 1038 3330 quia
1071 3229 1312 3308 desiderabat
1337 3253 1379 3308 se
1406 3231 1526 3330 ipsum

410 3355 600 3454 coronari,
639 3363 681 3431 vt
708 3364 807 3434 esset
835 3358 971 3434 Petrus
998 3357 1095 3436 Rex.
1137 3355 1201 3433 Sic
1222 3347 1307 3456 post
1334 3357 1526 3434 decessum

409 3481 520 3558 Beati
538 3480 722 3582 Stephani
749 3481 875 3593 Regis
895 3490 977 3562 erat
1002 3483 1233 3560 introductus
1255 3507 1325 3582 per
1343 3482 1525 3582 Reginam

409 3609 607 3708 Kasolam,
628 3631 704 3708 qua
722 3617 804 3687 erat
822 3610 984 3688 Emerici
1004 3610 1163 3708 virginis
1182 3617 1313 3688 mater.

516 3735 569 3812 Et
595 3758 681 3813 mox
709 3735 793 3814 Rex
829 3736 1091 3815 Fordiuandus
1126 3759 1330 3837 preparare
1359 3739 1526 3835 jusserat

408 3861 561 3959 ingenia
588 3885 658 3940 sua
684 3863 887 3961 bellicosa,
908 3871 946 3940 at
964 3863 1114 3942 carinas
1141 3887 1257 3963 super
1284 3887 1403 3962 aquas
1428 3867 1523 3942 reio·

408 3988 540 4066 cillare
558 3990 704 4068 iterum.
724 3989 774 4066 Et
791 3991 1009 4068 obsiderunt
1026 3989 1170 4068 Budam
1189 3989 1363 4068 Alemani
1381 3993 1524 4069 mixtim

408 4137 491 4192 cum
524 4115 738 4214 Huugaris,
776 4118 955 4196 videlieet
991 4119 1126 4196 Petrus
1163 4117 1290 4214 Primi,
1329 4115 1525 4218 Gasperus

408 4240 624 4346 Sueudi*),
645 4249 683 4320 et
701 4243 756 4320 sic
774 4242 821 4320 de
839 4244 1020 4343 singulis,
1050 4244 1114 4344 qni
1133 4251 1240 4320 erant
1258 4269 1282 4320 a
1299 4251 1408 4343 parte
1428 4243 1523 4322 Ger-

408 4395 529 4448 man..
566 4371 615 4447 Et
642 4377 857 4449 antecessor
890 4379 971 4450 erat
996 4378 1075 4448 tres
1103 4371 1216 4448 duces
1252 4369 1523 4450 Germanorum

407 4519 491 4576 eom
518 4521 656 4598 magna
682 4505 806 4596 genta.
835 4499 885 4574 Et
912 4505 1223 4600 expugnauerant
1241 4497 1287 4574 dc
1315 4498 1522 4598 quadrage·

408 4659 507 4676 ..u-,-
517 4661 723 4672 ...m-..ffl-

442 4731 475 4798 *)
489 4709 605 4789 iirtetilr
627 4730 696 4788 Pele
719 4731 840 4787 Ldnard.
867 4729 912 4788 Aa
933 4729 1025 4787 akkor
1047 4729 1116 4787 csak
1131 4732 1164 4786 19
1177 4727 1242 4786 dues
1266 4727 1416 4788 Schwendi
1430 4727 1521 4790 utute

297 4847 299 4854 1
404 4818 484 4892 jelen
496 4821 632 4876 1111111
645 4819 786 4892 semgndl.
