3248 5210
1132 487 1186 564 83

94 683 302 780 questionem
331 704 437 760 suam
465 684 632 758 totaliter
659 685 726 759 tali
754 684 861 763 modo
891 711 899 756 :
934 683 1039 780 „Wlt
1065 682 1185 762 Cesar

94 810 240 886 lominus
268 832 373 886 meus
401 815 437 884 te
466 809 698 884 introducere
724 809 772 884 ad
790 811 1065 910 possessionem
1083 811 1184 888 Lan·

17 1023 18 1036 ¹
94 937 189 1012 reucii
216 935 342 1031 ducis,
366 937 445 1031 jam
473 935 620 1010 ordinat
647 959 688 1010 se
708 935 879 1012 obsidere
898 935 956 1038 lli
964 951 991 988 v.
1013 937 1183 1015 Naudor·

94 1063 209 1138 libam
232 1085 367 1138 arcem.
396 1061 456 1136 'uu
476 1061 624 1158 quidem
653 1062 800 1137 domine
829 1063 996 1141 Joannes
1023 1065 1185 1142 vaiuoda

95 1189 136 1264 sis
152 1188 338 1286 pollicitus
356 1187 462 1266 firma
481 1186 565 1281 fide,
586 1195 627 1261 vt
645 1211 691 1262 ne
710 1195 773 1264 tm.
794 1190 935 1266 Vestra
954 1215 1000 1266 m.
1021 1192 1060 1266 in
1079 1195 1184 1267 auxi-

95 1317 168 1392 lium
194 1317 315 1413 Regic
344 1317 556 1414 Majestatis
584 1315 799 1413 Hungarie‚
827 1343 872 1394 nc
892 1319 945 1395 sis
963 1321 1185 1418 adjutorium

96 1445 171 1538 sibi3
197 1453 234 1518 et
261 1443 433 1519 dominus
469 1465 574 1520 meus
612 1441 731 1520 Cesar
766 1445 975 1522 'l'urcarum
1002 1447 1050 1522 ad
1077 1448 1186 1524 fidem

95 1595 181 1646 suam
208 1569 496 1646 lichameticam
531 1578 669 1646 rectam
698 1571 847 1668 spondit
873 1573 942 1650 tibi
969 1573 1076 1650 firma·
1103 1575 1186 1670 fide,

17 1755 18 1760 a
95 1701 174 1795 quod
191 1707 228 1774 te
247 1697 448 1774 introducit
475 1697 524 1772 ad
550 1699 827 1795 possessionem
855 1701 1060 1798 predictam
1087 1701 1186 1778 Lau-

17 1849 18 1860 *
95 1827 190 1902 mucii
218 1825 360 1902 duois.“
393 1824 458 1899 Ait
485 1825 655 1902 Joannes
684 1824 952 1923 Sepusiensis:
977 1826 1043 1924 „si
1070 1827 1188 1906 Cesar

17 1931 19 2024 l
96 1953 247 2028 dominus
264 1971 352 2030 tuus
380 1951 486 2026 daret
504 1953 542 2026 in
562 1953 726 2028 litteram
755 1952 865 2029 fidem
889 1977 994 2030 suam
1015 1958 1187 2032 corrobo-

17 2111 18 2184 ξ
97 2089 215 2176 rutam3
245 2059 282 2156 et
310 2104 381 2176 ego
410 2079 539 2155 eodem
566 2078 673 2154 modo
703 2079 798 2155 dabo
827 2080 991 2156 litteram
1019 2085 1090 2158 sub
1116 2083 1187 2157 lide

97 2207 151 2282 uei
168 2207 259 2284 Jesu
279 2205 460 2284 Christi.“
483 2206 661 2282 Imbraim
685 2207 841 2282 audien.
871 2208 994 2284 dixit:
1019 2209 1187 2306 „Redibo

97 2341 314 2430 etquattuor
342 2333 485 2409 dierum
522 2335 637 2408 allate
665 2341 772 2409 eruut
807 2334 932 2410 littere
968 2335 1054 2410 fidei
1082 2336 1184 2412 sue.“

17 2447 18 2538 ᾖ
98 2458 169 2535 llcx
201 2461 373 2537 celeriter
410 2461 571 2536 cucurrit
598 2467 636 2535 et
663 2461 846 2559 disposuit
882 2463 1008 2538 aurcis
1044 2463 1190 2539 litteras

98 2583 231 2664 Cesaris
267 2610 352 2665 cum
384 2588 524 2684 sigillis
561 2593 735 2683 quattuor
782 2589 1009 2664 consiliariis
1041 2590 1190 2665 suiset

98 2714 245 2807 quintum
272 2737 379 2790 suum
408 2714 448 2788 in
476 2713 596 2789 medic
626 2713 823 2808 afixatam,
844 2723 882 2788 et
900 2715 939 2788 in
957 2739 1188 2812 purgameuc

98 2841 218 2916 subtili.
248 2837 369 2941 Qu(as
398 2836 560 2941 litteras)
580 2863 650 2935 ego
669 2841 815 2914 demum
843 2842 1077 2938 perlegeram
1105 2848 1190 2939 post

17 2965 18 2992 ¹
99 2975 233 3042 nortem
260 2967 393 3066 ipsius.
423 2965 474 3040 nt
500 2965 665 3063 hapcbat
689 2989 802 3041 vnum
830 2968 1037 3066 spatarium
1056 2989 1190 3043 nomen

17 3073 18 3084 Ν
101 3089 337 3188 Κειιᾶεππεὶ,
357 3093 439 3192 ipse
449 3092 524 3168 ista
533 3091 751 3190 predicebat
770 3095 887 3169 olam:
912 3093 969 3193 „0
988 3096 1190 3172 insatietas

17 3221 18 3232 '
101 3221 277 3316 numicio,
299 3244 321 3296 ο
340 3218 566 3296 contumelia
585 3219 768 3316 vindicte,
789 3244 853 3296 cur
871 3220 1033 3298 destruis
1053 3224 1190 3299 cultum

101 3343 247 3424 diuinum
266 3349 306 3422 in
324 3347 456 3442 Regno
484 3345 719 3423 nobilissima
746 3345 963 3446 Hungarie3
992 3350 1056 3446 qui
1075 3371 1191 3447 quon-

17 3487 18 3578 3
102 3470 166 3549 mm
191 3475 497 3574 predecessorem
525 3496 608 3549 cum
632 3498 769 3570 magna
796 3477 989 3553 effusionis
1008 3478 1191 3574 sanguine

17 3583 18 3622 r
102 3599 337 3694 portaerem
361 3599 807 3702 Iterumappropinquan.
821 3604 994 3680 terciario
1014 3603 1191 3682 Imbraim

17 3743 18 3780 l
101 3725 212 3824 Mssa,
243 3731 404 3804 letanter
431 3729 580 3806 obtullit
614 3730 810 3826 epistolam
838 3729 924 3804 fidei
953 3728 1125 3824 Cosanis,
1155 3737 1193 3804 et

17 3939 19 3962 ,
102 3849 233 3954 iusuper
252 3856 404 3932 diuersa
423 3878 576 3931 munera
595 3857 719 3931 ctullit
738 3857 773 3930 ei
792 3856 837 3932 de
857 3855 1019 3952 Oesare3
1040 3864 1077 3932 et
1094 3858 1191 3934 dice-

103 3977 151 4055 tc
166 3983 254 4058 mihi
282 3982 473 4082 predictus
500 3984 683 4082 paruulus
712 4006 802 4060 suus
831 3983 990 4060 uaiucde
1017 3983 1190 4060 Jcannis.

17 4139 19 4172 ·
106 4105 143 4180 Et
165 4109 232 4186 duc
259 4109 366 4186 milia
394 4111 439 4184 de
467 4133 559 4188 auro
598 4110 779 4206 florenos,
809 4119 846 4186 et
873 4133 989 4207 equos
1017 4114 1190 4212 cespitos,

17 4231 18 4238 '
105 4255 199 4313 uuam
222 4241 405 4317 frameam
424 4262 531 4316 suam
551 4238 706 4317 Cesaris
733 4239 911 4316 Imbraim
938 4242 1052 4316 bassa
1071 4243 1192 4318 obtul-

17 4349 18 4386 *
105 4359 183 4440 leret
207 4367 300 4462 sibi3
330 4375 367 4443 et
393 4389 414 4441 e
442 4390 623 4445 conuerso
657 4367 758 4444 dedit
785 4368 982 4467 epistolam
1010 4369 1080 4444 sub
1107 4369 1193 4444 fidei

106 4511 158 4565 suc
174 4497 467 4590 corroboratam,
494 4503 535 4570 ut
553 4496 634 4596 ipse
663 4495 702 4570 in
729 4493 953 4592 adjutorium
982 4492 1100 4590 Regis
1118 4492 1193 4572 Lu-

109 4615 209 4696 louici
226 4647 301 4698 non
319 4623 411 4718 erit⁷
428 4629 544 4697 totam
562 4623 837 4728 possessionem
856 4621 1060 4722 predictam
1080 4623 1193 4701 habe-

112 4756 153 4818 ret
175 4771 250 4826 curn
281 4749 412 4828 Insula
440 4747 688 4826 Sirminiensi.
718 4750 769 4823 Et
795 4741 995 4848 spopondit
1019 4749 1195 4830 Imbraim

991 4855 1038 4936 6*
