3238 5228
394 738 529 820 relieta
565 737 728 818 Jeeunie
755 733 942 832 Homonaj
971 755 1108 841 venare
1134 733 1224 810 leeit
1250 733 1335 834 ipse
1362 731 1510 830 Regem

394 861 599 944 sursumad
616 883 741 941 aroem
760 859 929 936 dezenw.
950 858 1131 934 Petrowit
1159 860 1294 938 Petrus
1322 857 1509 934 meinter-

391 989 541 1086 rogeuit
558 987 714 1064 dieens:
739 986 881 1084 „Eoee,
902 983 1049 1062 domine
1067 993 1176 1083 pater
1202 983 1366 1082 Georgi,
1393 1007 1510 1078 soror

391 1115 513 1217 Regio
532 1113 745 1212 Majestatis
765 1137 880 1212 supra
899 1119 1010 1188 voeet
1028 1112 1076 1188 ad
1094 1114 1254 1190 aroem.“
1278 1113 1362 1212 Ego
1391 1113 1475 1194 dixi
1497 1140 1505 1182 :

500 1241 610 1336 „Non
629 1247 690 1316 eet
707 1245 862 1340 propter
891 1240 1012 1316 Deum
1031 1261 1123 1336 rogo
1143 1247 1307 1318 vestram
1336 1239 1507 1317 domina-

389 1369 552 1462 cionem,
580 1367 668 1464 quia
686 1366 838 1462 antiquo
858 1366 999 1442 dierum
1018 1371 1185 1464 tempore
1204 1365 1231 1444 J
1232 1366 1366 1444 oannis
1394 1365 1507 1466 vay-

395 1493 500 1572 wode
519 1493 564 1570 do
583 1491 771 1594 Hwnyed
792 1492 956 1590 quierat
975 1491 1215 1570 Gubernator
1232 1493 1352 1569 toeins
1381 1491 1508 1590 Regni

392 1620 607 1717 iuungam,
628 1620 748 1716 etqui
767 1627 848 1694 erat
866 1627 974 1718 peter
992 1618 1138 1696 Mathis
1157 1619 1287 1716 Regis.
1317 1619 1507 1720 Tempore

388 1748 454 1831 illo
483 1753 565 1824 erat
590 1746 740 1844 quidem
767 1744 988 1842 magnificus
1016 1745 1057 1819 in
1084 1745 1284 1844 Hungaria
1311 1745 1506 1844 Georgius

393 1874 530 1969 Niger,
551 1879 589 1948 et
612 1880 694 1950 eret
719 1871 848 1948 eodem
875 1878 1042 1970 tempore
1062 1873 1151 1948 exul
1169 1873 1215 1947 de
1234 1871 1366 1970 Regno
1396 1871 1506 1949 Hun-

390 1998 497 2096 gerie
516 2006 554 2072 et
571 1996 1039 2074 exiliaveratadTureiem
1059 1996 1107 2072 ad
1125 1996 1304 2074 Cesarem
1322 2009 1507 2096 regnante

390 2122 547 2222 pelotini
566 2121 716 2198 Nicolai
735 2121 853 2218 Regis
882 2121 1102 2198 Bonnensis.
1132 2121 1181 2196 Et
1208 2123 1279 2200 iste
1309 2121 1504 2222 Georgius

390 2251 508 2346 Niger
524 2255 606 2324 erat
623 2249 742 2324 fertur
761 2247 904 2324 dixisse
923 2270 1081 2342 magone
1100 2256 1244 2326 statura
1262 2273 1307 2325 ae
1325 2257 1504 2326 strenuus

388 2379 426 2456 in
444 2376 597 2456 milieie.
618 2377 667 2452 Et
685 2375 881 2475 sepissime
896 2378 975 2474 jam
1003 2377 1152 2454 solebat
1180 2377 1362 2454 adversus
1391 2377 1499 2454 Hun-

385 2527 498 2602 garos
507 2502 710 2598 debellare,
731 2509 768 2578 et
787 2502 903 2580 multa
921 2502 1054 2600 predia
1081 2527 1126 2578 ao
1153 2505 1251 2580 inter
1275 2503 1386 2582 fluios
1418 2505 1502 2581 Ma-

312 2675 317 2686 ·
391 2629 533 2708 rusium
563 2637 601 2706 et
627 2629 725 2710 iuter
753 2625 924 2706 Oresium
957 2637 1113 2728 utraque
1141 2629 1222 2706 flnii
1244 2633 1322 2729 jam
1352 2641 1506 2732 ceperat

391 2753 593 2856 depredare
612 2753 828 2850 Hungaros,
847 2753 937 2851 quia
954 2751 1074 2832 Cesar
1097 2754 1244 2834 Turnus
1262 2755 1415 2834 dederat
1433 2761 1506 2836 sub

391 2905 432 2958 se
469 2883 606 2958 multas
641 2886 773 2976 gentes
800 2879 1036 2976 Iemeelitae,
1065 2881 1118 2956 ita
1147 2881 1245 2980 quod
1272 2881 1366 2959 adeo
1394 2907 1505 2960 nemo

388 3015 534 3107 poterat
561 3008 597 3083 ei
626 3009 789 3084 obstare.
810 3006 936 3084 Semel
964 3007 1062 3109 quod
1089 3017 1246 3086 uenerat
1272 3031 1356 3086 oum
1382 3017 1507 3088 turma

385 3155 522 3230 magna
543 3132 592 3208 ad
618 3131 855 3230 Hungeriam
883 3134 992 3232 quasi
1015 3135 1095 3234 jem
1123 3157 1192 3234 pro
1221 3136 1350 3234 speeie
1379 3159 1501 3236 usque

387 3283 505 3360 prope
523 3257 699 3360 Gywlem
718 3265 842 3338 eastra
859 3265 1019 3338 metatus
1037 3267 1119 3336 erat
1146 3259 1269 3336 Mean
1288 3260 1434 3357 Megier
1463 3273 1501 3338 et

391 3387 489 3468 inter
508 3383 682 3464 Gbewle.
703 3385 847 3462 Eodem
864 3392 1031 3484 tempore
1049 3386 1219 3464 Joannes
1238 3384 1404 3488 Hunyed
1421 3391 1503 3488 vaj-

387 3511 485 3592 uode
511 3518 594 3592 erat
620 3511 660 3586 in
688 3510 824 3611 Lippa,
844 3517 882 3587 et
899 3513 952 3589 ibi
965 3514 1077 3610 juxta
1094 3513 1285 3588 eiuitatem
1304 3512 1504 3591 ordinabat

385 3641 508 3718 looum
530 3639 732 3716 eleustrnm
750 3661 817 3736 pro
846 3638 1059 3733 heremitis,
1089 3645 1126 3714 et
1154 3646 1272 3716 ortum
1302 3639 1358 3716 eis
1391 3640 1502 3739 plan-

385 3767 489 3843 tabat
523 3766 678 3842 arbores
714 3771 751 3840 et
786 3764 995 3843 seminabat
1031 3766 1138 3861 qnasi
1171 3763 1307 3863 Aprili.
1338 3763 1388 3840 Iit
1415 3777 1500 3842 eret

386 3915 493 3970 soror
512 3887 657 3986 Georgi
675 3889 788 3986 Nigri
806 3890 846 3964 in
864 3913 951 3968 aree
971 3887 1111 3991 Gywle
1129 3889 1347 3986 residendo,
1376 3897 1414 3966 et
1432 3915 1500 3992 po-

389 4019 553 4098 stulabat
570 4017 597 4094 J
599 4039 756 4094 oannem
766 4015 942 4118 Hunyad,
959 4019 1153 4092 utveniret
1170 4023 1300 4094 ooutm
1318 4017 1502 4096 latronem

386 4167 606 4244 germanum
623 4165 744 4220 meum
773 4141 980 4240 Georgium
1007 4143 1200 4238 Fekethe‚
1229 4144 1317 4242 quie
1344 4145 1411 4222 wit
1439 4169 1498 4220 me

385 4271 431 4350 de
449 4293 536 4348 aree
555 4267 695 4376 Gywle
714 4270 860 4372 eripere
879 4277 917 4346 et
936 4291 994 4346 me
1012 4291 1138 4347 seeum
1157 4270 1293 4346 duoere
1321 4269 1368 4345 ad
1396 4269 1495 4348 Tur·

390 4397 496 4476 eiam.
508 4395 631 4490 Quum
650 4396 721 4472 heo
739 4397 885 4474 audien.
906 4396 1074 4476 Joannes
1093 4395 1270 4496 Hnnyed,
1281 4417 1501 4496 responsum

389 4547 412 4600 a
447 4546 625 4626 preourso
662 4522 808 4601 domine
846 4520 1021 4624 Gywlen.
1051 4521 1121 4598 hee
1157 4521 1253 4598 dixit
1288 4527 1499 4622 preeursori

388 4649 516 4726 reliote
535 4649 681 4726 domine
699 4646 874 4750 Gyulen.
897 4677 905 4724 :
930 4645 1039 4748 „cito
1058 4655 1095 4726 et
1113 4647 1174 4726 die
1201 4647 1349 4724 domine
1367 4648 1498 4726 reliete

234 4869 239 4878 Ι
389 4771 583 4874 Gywlon„
604 4775 658 4850 nil
675 4773 804 4854 timeat
821 4777 870 4850 eb
888 4797 934 4852 eo
952 4776 1107 4853 latrone.
1128 4771 1340 4851 Consilium
1357 4797 1495 4852 meum.
