3226 5220
1106 509 1180 592 141

104 715 201 794 oisom
234 711 387 792 Chorba
414 723 453 790 et
479 713 533 791 sic
559 713 605 789 de
632 713 732 790 aliis.
766 711 905 790 Sedere
931 711 1099 789 iecerunt
1125 738 1183 792 me

98 847 182 942 juxta
198 865 384 936 mensam,
404 839 516 916 uelde
532 839 673 936 tristor,
693 861 813 936 neque
831 840 965 917 bibens
982 862 1103 938 neque
1122 865 1184 918 oo·

103 966 269 1070 ne(de)ns.
297 965 523 1064 Incepernnt
540 988 598 1040 me
618 966 755 1060 aliare,
781 972 822 1040 vt
840 967 1040 1044 comedam.
1064 965 1188 1066 „Quid

101 1095 288 1190 comeditis,
318 1093 407 1192 qnid
433 1116 502 1170 vos
529 1115 626 1169 nnnc
653 1092 810 1188 bibetis,
838 1116 927 1170 vere
956 1094 1039 1171 dioo
1067 1097 1185 1192 vobis,

101 1222 179 1318 qood
193 1244 324 1322 spuma
351 1220 560 1318 sanguineo
587 1219 790 1318 exspuetis.
821 1217 942 1298 Ovos
970 1223 1065 1298 fatui
1084 1225 1187 1300 cubi·

102 1349 214 1426 colari!
243 1371 333 1426 vere
356 1346 552 1424 merdostis
570 1347 608 1421 in
628 1345 865 1444 Regietatem
885 1355 922 1424 et
939 1349 1133 1448 proluistis
1151 1351 1189 1426 in

103 1477 279 1552 cloacam.“
307 1472 415 1573 ,Qut
436 1473 531 1550 dixit
548 1472 638 1548 mihi
658 1465 842 1549 Melchior
860 1474 1052 1571 literatus,
1074 1497 1187 1574 quere
1286 1541 1290 1548 .

103 1601 174 1678 licis
190 1601 261 1696 hic,
282 1601 428 1676 domine
447 1597 627 1695 Georgi.“
654 1598 837 1698 „Propter
856 1599 928 1677 hoo
947 1600 1040 1698 dico,
1070 1601 1187 1680 Joon·

104 1751 153 1804 nes
169 1727 246 1804 Rex
275 1727 400 1804 statim
433 1724 604 1802 deveniet
622 1726 661 1800 in
680 1749 853 1822 maguam
879 1729 1189 1825 persecutionem.

105 1855 354 1934 Existimabam
372 1877 456 1930 enm
475 1876 558 1930 esse
583 1851 821 1952 prudentem,
850 1861 975 1932 temen
993 1857 1063 1933 fnit
1081 1857 1190 1933 valde

105 1983 310 2059 semifatuos.
331 1979 432 2073 Quia
448 1979 549 2056 dedit
567 2002 741 2056 coronam
760 1987 913 2079 repente
931 1981 977 2058 de
997 2005 1107 2059 manu
1122 2005 1192 2060 sua

107 2107 279 2184 almanus
298 2106 401 2182 Petri
421 2104 546 2200 Prini,
567 2111 605 2179 et
623 2104 774 2203 insuper
786 2105 1040 2204 »vajuodatnm
1069 2107 1191 2187 'Pran-

106 2234 367 2327 dloaniensem,
397 2239 436 2308 et
460 2231 663 2309 Valentino
690 2228 850 2325 'Phorpk
882 2232 1107 2332 ispanatom.
1141 2233 1194 2313 Et
1290 2313 1292 2320 ,

108 2383 174 2438 erce
198 2366 292 2439 bene
319 2359 557 2460 percipiatis,
588 2358 676 2456 quia
699 2359 778 2456 jam
806 2361 966 2438 exclusit
984 2385 1025 2439 se
1045 2361 1128 2441 Rex
1147 2364 1193 2441 de

108 2487 316 2586 Hongario.“
349 2487 456 2562 Dixit
483 2483 680 2562 Melchiori
711 2511 719 2559 ε
752 2485 881 2584 ,Non,
911 2487 1057 2565 domine
1085 2498 1192 2591 pater

109 2613 239 2715 Georgi,
259 2617 396 2691 Petrus
414 2612 519 2688 Prini
537 2611 608 2688 hoo
626 2611 725 2706 dicit,
746 2613 843 2711 qnod
861 2615 894 2691 si
913 2625 1042 2722 posset
1059 2640 1194 2716 capere

108 2739 316 2842 Stephanum
343 2742 459 2817 Baton
486 2739 640 2833 iterum,
670 2739 950 2838 suspenderet.“
982 2743 1067 2840 Ego
1095 2743 1191 2820 dixi:

8 2905 9 2920 κ
110 2859 242 2962 ,Shuni
268 2869 379 2946 homo
415 2867 570 2964 digitum
598 2887 703 2941 snum
732 2889 805 2942 nou
833 2867 952 2965 possit
978 2891 1060 2946 oum
1087 2869 1195 2948 lance

106 2996 323 3090 corrodere,
342 2995 396 3070 ita
414 2994 531 3071 trater
549 2998 608 3068 est
626 2975 841 3090 Stephanus
860 2993 991 3089 Betor,
1012 3003 1050 3073 et
1067 3021 1087 3074 e
1107 3021 1193 3076 eon·

106 3145 195 3202 uerso
223 3127 360 3202 Petrus
388 3122 493 3216 Prini
520 3142 720 3218 germanus
739 3129 796 3197 est
814 3119 1006 3223 Stephano
1025 3126 1191 3204 Batori.“

106 3251 144 3326 lt
159 3277 313 3352 surgens
331 3251 383 3328 iui
403 3251 452 3326 ad
470 3249 696 3348 hospicium,
725 3249 787 3325 vbi
807 3249 879 3326 duo
898 3253 970 3328 viri
990 3261 1098 3332 erent
1117 3253 1193 3332 Ge·

104 3381 214 3477 orgius
234 3379 325 3456 Basi
343 3375 410 3478 (et)
430 3376 717 3453 Bartholomeus
745 3373 912 3454 Horwet.
942 3379 1051 3458 Tunc
1069 3391 1106 3458 et
1123 3383 1197 3482 ipsi

103 3529 170 3584 com
189 3529 324 3604 magno
353 3527 496 3581 merore
523 3501 664 3580 doloris
691 3501 871 3581 sedebant
890 3507 1000 3603 juxta
1019 3532 1195 3606 mensam,

103 3657 163 3710 non
180 3633 499 3730 comedenneque
516 3629 652 3706 biben..
665 3629 716 3705 Et
733 3625 906 3710 dixerunt
923 3633 1034 3711 mihi:
1059 3637 1196 3734 „Vere

103 3769 192 3858 peter
212 3759 380 3856 Georgi,
409 3759 507 3833 male
526 3756 726 3852 habemus,
747 3758 841 3834 etin
859 3757 1021 3838 futurum
1040 3762 1197 3840 habebi-

104 3910 173 3966 nns
189 3890 318 3989 peiora
345 3883 506 3985 priore.“
540 3883 590 3958 Et
617 3883 673 3960 sio
698 3883 917 3983 inceperunt
944 3889 1107 3966 modeste
1134 3889 1197 3966 de·

104 4015 232 4092 clarere
249 4011 491 4092 tradicionem
509 4009 535 4088 J
538 4009 669 4086 oannis
689 4010 826 4108 Regis,
846 4013 944 4110 quod
961 4023 1114 4115 repente
1133 4039 1197 4092 ex·

105 4141 311 4218 uadedisset
330 4160 503 4214 coronam
523 4135 568 4212 de
586 4136 761 4216 manihus
780 4142 877 4237 suis,
903 4151 941 4219 et
957 4145 1198 4243 vejnodetom

106 4265 482 4358 l'rannlusniensem,
502 4269 540 4338 et
557 4263 770 4363 ispanatnm
799 4267 1000 4349 Valentino
1028 4269 1197 4348 Therelx.

106 4395 180 4474 lam
196 4395 368 4474 exclusus
387 4392 445 4464 est
463 4385 547 4466 Rex
565 4388 592 4468 J
594 4413 745 4470 oannes.
