3238 5228
363 447 444 570 aar

418 711 438 720 ·’
473 693 521 766 Et
541 693 595 766 sio
614 699 705 768 erat.
726 693 959 768 Postremum
990 693 1034 768 de
1062 716 1149 768 aree
1181 691 1345 769 Budensi
1374 701 1485 770 extra

367 819 412 893 ad
433 819 634 917 imppetum
655 827 857 913 currerunt,
879 819 1181 916 etquiGermani
1201 819 1322 933 relicti
1342 819 1381 895 in
1398 845 1487 896 san-

364 945 476 1040 guine
514 947 755 1041 egrotabant,
786 969 913 1022 omnes
947 947 995 1022 ad
1031 953 1169 1022 terram
1198 953 1486 1045 prostrauerant

367 1071 560 1148 Budenses
580 1079 617 1146 et
635 1071 874 1166 Pestienses,
896 1071 1134 1170 quamobrem
1154 1081 1266 1148 erant
1281 1093 1353 1171 per
1380 1073 1487 1171 ipsos

365 1198 482 1274 multa
501 1196 662 1296 dampna
680 1199 838 1296 passuri.
859 1199 908 1274 Et
926 1224 995 1297 per
1015 1223 1149 1297 aquam
1170 1199 1387 1298 inceperunt
1406 1221 1486 1274 ma·

366 1345 479 1418 gnam
516 1325 656 1420 galiam
685 1325 835 1402 trahere
863 1333 991 1420 noete,
1025 1334 1062 1400 et
1091 1325 1161 1400 due
1190 1323 1303 1400 arche
1339 1323 1489 1422 manda

370 1455 466 1548 post.
499 1449 549 1524 ut
567 1449 612 1524 de
638 1473 738 1545 aree*
754 1449 916 1526 Budensi
945 1453 1113 1550 sagitare
1133 1457 1332 1551 ceperunt3
1353 1461 1391 1526 et
1420 1475 1487 1527 no-

369 1581 506 1651 strates
525 1575 640 1652 Turni
660 1583 697 1650 et
716 1576 894 1653 Traoiani
916 1584 1002 1676 post
1020 1577 1046 1656 J
1050 1601 1207 1654 oannem
1225 1576 1404 1671 mulleos,
1425 1575 1490 1674 qui

367 1707 449 1778 erat
466 1723 556 1799 pars
575 1701 816 1778 Germanica.
838 1705 888 1778 Et
914 1727 996 1780 eum
1021 1705 1131 1804 juxta
1159 1703 1319 1780 insulam
1347 1701 1489 1780 Sancte

368 1827 609 1924 Margarethe
629 1835 667 1903 et
685 1851 799 1928 supra
813 1832 1079 1930 ,nauigassenb
1096 1833 1176 1928 jam
1196 1854 1369 1928 magnam
1389 1831 1487 1927 gali-

369 1979 427 2031 am
475 1955 835 2054 appropinguabant.
886 1957 936 2031 Et
972 1981 1058 2032 mox
1097 1957 1336 2034 nazandones
1374 1981 1490 2056 snper

368 2102 501 2177 aquam
531 2082 682 2158 Danubi
712 2083 795 2159 alas
822 2083 1071 2159 extendebant
1104 2092 1141 2159 et
1169 2083 1257 2159 ilioo
1285 2089 1489 2160 retrorsum

369 2215 499 2282 oontra
534 2231 704 2306 paganos
741 2211 938 2311 irruerant.
968 2209 1017 2285 Et
1044 2233 1130 2286 mox
1158 2233 1231 2286 non
1260 2211 1490 2286 verebantur

369 2341 570 2412 retrorsum
591 2357 737 2412 currere
756 2359 889 2414 versus
910 2337 1065 2413 Budam.
1085 2337 1134 2412 Et
1153 2335 1375 2414 festinanter
1388 2335 1488 2416 Ger-

370 2463 471 2538 mani
491 2471 743 2561 pervenerant
760 2487 829 2562 per
848 2488 983 2564 aquam
1002 2466 1050 2541 ad
1070 2464 1259 2564 Oapostas
1278 2463 1437 2561 Megier,
1451 2473 1491 2540 et

370 2586 640 2666 descenderant
658 2591 706 2665 ad
723 2591 868 2689 rippam
888 2589 952 2666 flui
973 2591 1070 2668 Ister
1089 2599 1127 2667 et
1144 2591 1296 2689 ingenia
1314 2591 1361 2666 de
1372 2591 1491 2667 araba

371 2737 437 2790 sex
458 2723 699 2793 extraxerant
718 2716 765 2792 ad
783 2725 932 2794 terram.
954 2719 1003 2792 Et
1022 2717 1084 2794 isti
1104 2717 1218 2793 Turoi
1238 2715 1336 2814 qnod
1364 2717 1403 2792 iu
1433 2719 1492 2793 ni·

371 2841 488 2918 hilum
509 2841 737 2941 deputabant
765 2867 831 2920 eos
858 2851 986 2942 partes
1015 2843 1308 2939 Germanorum,
1339 2841 1492 2941 aliquod

373 2968 571 3068 dampnum
608 2973 756 3069 passuri
795 2981 902 3049 erant
938 2975 1171 3070 submergam.
1209 2973 1248 3048 in
1286 2991 1413 3068 aqna,
1452 2979 1492 3046 et

371 3095 670 3198 premeditabant
705 3106 792 3197 post
828 3124 894 3176 eos
934 3099 1124 3196 nauigare.
1155 3099 1208 3174 Et
1237 3099 1293 3175 sio
1321 3097 1494 3196 paoiffloe

370 3227 619 3300 nantauerant
639 3225 685 3300 ad
705 3225 945 3323 Strigoniam.

646 3511 979 3618 (onrrrunuu
1008 3515 1223 3619 ummo).

481 3730 532 3805 Et
559 3730 644 3805 dum
673 3753 820 3808 eramus
857 3731 978 3808 adhue
1007 3732 1152 3810 obsessi
1186 3755 1252 3830 per
1281 3731 1497 3809 Germanos

377 3855 494 3951 Bude,
515 3863 593 3934 tres
611 3857 682 3934 viri
701 3859 827 3955 fugam
848 3857 987 3935 dabant
1005 3859 1053 3936 ad
1071 3881 1195 3936 arcem
1216 3854 1359 3935 Budam
1368 3855 1416 3933 de
1434 3883 1496 3934 oa-

375 3992 476 4073 store
496 3981 782 4060 Germanorum.
810 3985 919 4062 Vnus
938 3992 1020 4062 erat
1037 3983 1199 4084 Ispanus
1218 3991 1256 4061 et
1275 3973 1371 4060 alter
1390 3983 1498 4060 Hun-

374 4133 501 4204 garus.
528 4109 587 4184 De
616 4133 715 4206 aqua
743 4111 903 4186 nanandi
931 4119 1009 4188 tres
1037 4118 1218 4188 venerant
1243 4132 1432 4209 pauperes
1452 4113 1499 4186 ad

374 4235 530 4332 Regem,
551 4236 719 4312 eriliibat
739 4239 787 4314 ab
805 4237 873 4332 eis,
894 4243 932 4315 et
945 4237 1029 4314 Rex
1046 4235 1217 4336 paoiffioe
1236 4235 1401 4334 suseepit
1421 4259 1501 4314 eos.

375 4365 426 4440 Et
454 4363 649 4442 tereiarius
678 4386 795 4463 purus
824 4363 1038 4442 Germanus
1067 4369 1169 4458 erat,
1196 4369 1234 4438 et
1252 4363 1409 4462 propter
1428 4363 1502 4440 hor

375 4497 531 4566 venerat
550 4513 666 4567 eausa
685 4489 814 4584 huius,
835 4491 935 4588 quod
952 4490 1124 4568 taxillum
1142 4489 1322 4567 ludebant
1340 4489 1412 4564 sub
1431 4513 1502 4586 pa-

373 4617 536 4716 pilione,
567 4625 603 4694 et
632 4617 729 4716 quod
757 4641 853 4695 rnus
880 4618 992 4696 alteri
1020 4642 1091 4695 non
1121 4616 1397 4708 concedebant,
1428 4615 1501 4692 iste

374 4735 593 4820 adolescens
623 4767 690 4840 per
717 4744 898 4822 ludicram
937 4747 1156 4842 amputabat
1194 4765 1305 4818 vnum
1346 4763 1496 4817 manum
