3238 5228
1126 486 1205 568 249

199 685 363 785 Cumque
383 686 576 766 audissent
593 687 632 761 in
659 708 753 761 aena
781 685 935 762 Domini
962 687 1002 762 in
1030 688 1201 782 ecelesia,

112 813 195 889 illieo
202 821 457 914 perterrernnt
467 822 505 890 et
523 815 727 890 amiserunt
745 813 913 892 diuinum
933 815 1203 914 oultnm,quem

112 941 262 1018 solebant
278 943 374 1038 viri,
395 943 609 1019 sacerdotes
629 941 820 1017 annuatim
839 943 1044 1018 celebrare.
1055 979 1058 986 ⁴
1071 941 1204 1018 Balioa

111 1089 235 1144 autenm
253 1071 447 1168 equitant,
468 1069 569 1144 etde
588 1091 675 1146 aree
693 1068 973 1164 sagitanerant,
995 1075 1033 1144 et
1061 1068 1202 1144 nullum

111 1195 507 1292 responsundederunt.
529 1195 652 1288 Quum
671 1195 804 1271 Balioa
822 1194 893 1270 hee
912 1195 1099 1290 semion,
1120 1218 1202 1270 enm

111 1321 190 1396 iuset
216 1330 253 1397 et
281 1323 422 1422 pudore
450 1345 586 1418 magno
615 1323 830 1421 permansit.
862 1322 999 1398 Petrus
1025 1323 1203 1400 saeerdoo

111 1472 169 1524 non
185 1449 286 1527 dedit
313 1453 361 1528 ad
388 1477 520 1530 manus
545 1452 707 1531 Joannis
735 1451 877 1548 Regis,
907 1451 975 1528 aed
1001 1449 1049 1527 ad
1079 1450 1203 1528 Oibak

110 1575 167 1651 oito
184 1576 394 1676 destinauit,
415 1586 452 1656 et
471 1578 610 1680 Oybak
629 1602 711 1655 oum
730 1603 867 1676 magna
884 1585 996 1676 gente
1007 1601 1205 1656 ooourrens

114 1727 222 1780 amem
240 1707 514 1805 Vilagwswar,
544 1713 581 1784 et
606 1708 761 1784 intrauit
782 1730 850 1806 per
878 1707 1109 1785 sacerdotem
1136 1705 1207 1781 Pe-

110 1839 199 1910 trum.
218 1835 270 1910 Et
293 1835 427 1912 Balioa
446 1839 598 1914 volebat
623 1836 832 1914 interficere
861 1836 1110 1928 sacerdotem,
1140 1833 1206 1912 sed

111 1957 262 2038 dominus
280 1961 408 2040 Oibak
425 1965 674 2041 tntauiteum.
1046 2033 1049 2044 .

198 2087 247 2163 Et
265 2091 498 2167 saeerdotem
527 2089 730 2168 destinauit
749 2090 798 2165 ad
817 2087 1005 2191 Gyulam‚
1025 2091 1127 2167 etde
1146 2115 1206 2166 as-

112 2215 281 2291 sunoione
301 2218 500 2315 capellam,
521 2217 583 2314 qui
602 2216 762 2313 quodam
780 2239 876 2294 vnus
895 2215 1075 2293 Stefanns
1093 2215 1207 2294 Deak

112 2336 348 2417 ediffieauerat
384 2342 434 2418 ad
469 2342 649 2420 honorem
677 2342 794 2416 Beate
822 2341 943 2426 Marde
963 2343 1093 2439 Virg.‚
1123 2365 1205 2418 eam

29 2549 30 2560 Ν
112 2466 296 2558 predictam
308 2471 495 2569 oapellam
514 2469 702 2547 dedieanit
720 2470 834 2546 Petro
853 2468 1057 2566 sacerdoti,
1078 2477 1116 2546 et
1133 2493 1207 2546 non

113 2589 319 2685 plebaniam.
339 2595 615 2674 [stesaeerdos
634 2596 884 2692 ignominiam
910 2620 1084 2693 magnam
1110 2597 1207 2695 pati·

112 2717 222 2798 ebatur
258 2722 392 2818 valde3
421 2723 547 2820 itaque
577 2746 647 2799 nee
673 2725 713 2798 in
741 2725 941 2802 ecelesiam
968 2724 1208 2824 presumebat

113 2849 252 2942 intrare,
271 2850 362 2948 quia
380 2849 514 2924 Balioa
531 2847 643 2924 valde
663 2849 831 2926 minabat
849 2873 944 2926 enm.
975 2849 1056 2926 Iste
1083 2871 1206 2926 saeer-

112 2977 166 3054 dos
181 2978 341 3054 habebat
357 2977 475 3052 fertur
499 2975 659 3070 dixisse,
687 2975 786 3072 quod
805 2975 969 3052 habebat
986 2977 1073 3074 plus
1091 2997 1202 3073 quam

113 3103 289 3180 duomilia
307 3127 474 3198 maroas;
495 3109 533 3180 et
558 3102 735 3179 sublatim
763 3103 910 3178 nemine
938 3103 1102 3199 sedente,
1133 3125 1208 3178 non

114 3236 355 3328 comparuerat
372 3229 412 3304 in
430 3229 574 3306 duobus
593 3229 714 3304 annis.
746 3229 896 3305 Extune
923 3229 993 3305 fuit
1021 3231 1059 3306 in
1087 3228 1208 3306 Roma

114 3357 389 3454 supiraganens‚
410 3357 473 3454 qui
491 3356 695 3433 visitabant
713 3355 813 3432 viam
832 3363 945 3455 eaput
967 3356 1088 3433 saneti
1105 3355 1208 3434 Petri

115 3485 253 3578 apostoli
281 3491 319 3558 et
347 3481 469 3558 Pauli.
506 3480 630 3579 Anqu.
659 3484 825 3581 suspecti
861 3484 1051 3560 ineramus
1078 3491 1209 3560 eontra

116 3605 272 3685 balioam.
294 3606 395 3699 Quia
413 3605 525 3684 valde
552 3608 651 3684 latro
683 3615 787 3704 erat,
819 3611 882 3706 qui
910 3612 1056 3709 etipse
1083 3611 1207 3710 perdi·

116 3731 203 3812 derat
219 3739 401 3814 subtanea
421 3730 572 3836 m(o)rte
591 3735 839 3814 Francisoum
850 3736 945 3814 Aoel
962 3739 1001 3814 in
1019 3739 1138 3834 Bada,
1158 3739 1207 3816 si-

116 3869 164 3934 eut
193 3864 467 3962 scriptumest.
497 3861 547 3936 Et
573 3883 685 3958 ergo,
713 3864 852 3942 fratres
889 3865 1095 3960 earisaimi‚
1132 3890 1206 3943 non

116 3983 185 4063 lieet
200 3989 455 4066 sacerdotibus
483 3989 650 4086 aliquam
676 3991 930 4089 prodioionem
958 3993 1084 4069 faeere
1111 3992 1207 4068 inter

117 4109 351 4211 Christianos,
378 4115 500 4192 adbne
528 4139 598 4196 nee
615 4117 712 4192 inter
740 4141 930 4217 paganos,
959 4121 1026 4198 sed
1054 4143 1207 4197 manens

117 4237 349 4322 innoeenoiam
367 4265 474 4321 suam
493 4247 541 4320 ab
561 4246 663 4322 omni
683 4246 794 4322 malo.

203 4373 251 4448 Et
268 4380 402 4473 postea
420 4372 590 4450 dominns
618 4371 758 4474 Gybak
788 4374 960 4450 omnibus
987 4375 1207 4452 restituebat

118 4517 188 4574 suaa
203 4523 262 4578 res
280 4507 319 4577 et
337 4500 516 4600 peenniaa
535 4507 574 4574 et
592 4501 671 4577 alia
689 4502 904 4598 argenteria
931 4525 1025 4579 vasa
1052 4509 1091 4577 et
1122 4521 1206 4601 pre·

118 4619 201 4700 dosa
215 4628 335 4724 bona,
356 4648 427 4725 que
446 4633 554 4704 erant
571 4627 611 4702 in
629 4651 717 4703 aree
744 4627 936 4707 nobilibus
963 4629 1205 4706 nobilitatum

29 4751 30 4840 i
118 4749 243 4850 relicte,
262 4761 302 4830 et
319 4755 407 4834 aliis
424 4755 571 4832 einibns
589 4755 745 4834 aeribus.
767 4752 822 4856 Ἠ
857 4757 908 4832 Et
933 4779 1001 4855 per
1028 4757 1129 4836 viam
1154 4759 1206 4838 is·
