3226 5220
391 465 470 543 210

394 667 528 743 sitatis.
559 665 610 739 Et
628 671 715 762 post
733 662 804 738 hec
822 663 937 738 talem
955 660 1142 738 hominem
1162 661 1234 738 sibi
1254 659 1514 754 constituerat,

392 793 490 890 quod
508 792 655 866 demum
674 791 830 866 intrauit
853 791 938 865 leue
966 789 1159 888 perillum
1179 789 1386 888 hominem,
1417 793 1519 868 sicut

392 919 647 1017 scriptumest
666 917 864 1016 superiori.

497 1045 547 1122 Et
565 1045 604 1120 in
623 1045 750 1120 Patck
768 1043 974 1154 mansimus
1002 1041 1167 1117 sedecim
1186 1041 1328 1120 diebus.
1356 1041 1518 1142 Specta-

391 1176 457 1250 bat
484 1171 567 1246 Rex
595 1172 767 1249 Joannes
795 1171 959 1266 aliquam
994 1175 1142 1264 gentem
1171 1191 1218 1244 ex
1246 1178 1353 1268 parte
1381 1171 1519 1246 Ferdi-

390 1299 522 1394 nandi,
543 1306 581 1373 et
600 1299 831 1392 audiuimus,
851 1297 950 1394 quod
968 1294 1228 1372 Ferdinandns
1247 1296 1331 1372 Rex
1351 1297 1396 1372 de
1416 1297 1517 1374 Stri-

391 1428 506 1524 gonia
533 1449 601 1525 per
620 1424 835 1500 mandatum
854 1446 960 1500 suum
985 1421 1192 1518 elegissent
1215 1422 1401 1500 Joannem
1433 1425 1519 1502 Kc-

391 1555 475 1630 cian
494 1550 529 1655 *)
557 1552 738 1627 aduersus
765 1551 952 1627 Joannem
977 1549 1142 1645 Regem3
1172 1556 1307 1624 ettam
1338 1551 1519 1627 celeriter

391 1680 554 1756 cucurrit
582 1678 630 1752 ad
657 1677 814 1773 Agrium
852 1677 897 1752 de
926 1675 1137 1772 Strigonia,
1177 1676 1339 1753 secundo
1367 1677 1429 1752 die
1462 1679 1516 1754 ibi

392 1811 679 1904 comparuerant
689 1806 758 1880 sub
769 1803 900 1900 Agria.
922 1801 1045 1894 Quum
1056 1802 1278 1898 audiuimus,
1299 1806 1516 1880 tremefacti

389 1935 548 2028 inimus;
578 1932 665 2028 quia
684 1932 740 2008 sic
757 1930 1033 2029 parabolabant
1053 1956 1061 2002 :
1086 1929 1211 2024 „Vere
1230 1929 1263 2006 si
1283 1929 1437 2006 chian
1459 1932 1516 2006 in-

389 2063 579 2137 tellectum
607 2083 681 2135 non
711 2058 869 2134 haberet
887 2055 932 2130 de
951 2057 1062 2132 turba
1080 2055 1241 2132 ioannis
1266 2055 1406 2152 Regis,
1438 2083 1516 2135 non

390 2189 556 2265 audisset
582 2187 710 2261 venire
737 2193 814 2259 tarn
843 2184 915 2259 cito
944 2189 1076 2258 contra
1111 2173 1297 2260 Joannem
1325 2183 1512 2281 Regem.“

391 2315 468 2392 Iste
488 2313 667 2413 Pestyeni
696 2313 804 2409 quasi
832 2317 913 2386 erat
940 2317 1069 2406 satan3
1098 2311 1222 2385 fanen.
1252 2333 1357 2386 suam
1377 2335 1516 2410 quere-

387 2445 454 2518 bat
473 2439 572 2538 apud
590 2445 717 2536 partes
735 2436 965 2513 Ferdinandi
976 2441 1013 2510 et
1023 2436 1123 2535 apud
1142 2435 1284 2532 Regem
1302 2437 1329 2514 J
1331 2461 1514 2536 oannem;

390 2577 427 2646 et
445 2567 729 2663 suspicabamus
757 2563 951 2640 internos
980 2567 1110 2638 contra
1139 2562 1282 2659 ipsum,
1311 2563 1402 2659 quia
1429 2575 1516 2644 erat

388 2703 467 2772 tcta
495 2693 619 2768 anima
648 2713 718 2766 sua
745 2690 793 2766 ad
818 2690 971 2764 Petrum
1000 2688 1108 2765 Prini
1142 2693 1180 2764 et
1207 2687 1255 2763 ad
1278 2687 1513 2786 Stephanum

390 2825 515 2898 Batcr.
546 2819 591 2896 In
608 2826 754 2894 tantum
782 2823 996 2892 ewenerant
1021 2814 1195 2912 Hungari
1214 2816 1295 2891 sinc
1314 2817 1413 2892 inter
1431 2844 1513 2896 ma·

390 2957 545 3046 gnatcs,
575 2947 650 3022 siui
678 2946 775 3020 inter
794 2943 942 3020 nobiles
961 2941 1024 3038 qui
1042 2941 1232 3018 habebant
1250 2941 1343 3018 duos
1363 2967 1512 3022 mascu-

388 3079 447 3153 los
466 3075 514 3151 ad
534 3073 680 3149 modum
699 3094 929 3164 sucresccn.;
949 3091 1059 3143 vnum
1081 3069 1254 3144 ordinare
1273 3071 1448 3146 solebant
1464 3075 1513 3150 ad

390 3199 617 3278 Ferdinandi
637 3203 801 3296 partem,
828 3205 865 3270 ct
884 3195 932 3270 ad
950 3201 1096 3294 partem
1115 3194 1140 3272 J
1143 3195 1274 3270 cannis
1294 3195 1425 3291 Regis.
1448 3198 1511 3274 Ita

389 3331 616 3406 deuenerant
645 3323 829 3420 Hungari.
862 3321 907 3398 In
932 3322 1042 3398 finem
1062 3321 1107 3396 dc
1127 3321 1252 3396 Patak
1272 3323 1513 3402 ascendimus

389 3458 457 3534 sub
496 3454 665 3556 Wyhcl‚
705 3453 743 3528 in
781 3451 840 3526 die
868 3449 1053 3526 dominico
1083 3453 1169 3526 Esto
1198 3453 1284 3523 irriti
1312 3449 1350 3525 in
1381 3453 1512 3529 carnis

388 3583 560 3682 [trinium.

494 3706 578 3784 Rex
605 3704 738 3782 habuit
765 3702 975 3801 hospicium
994 3701 1033 3776 in
1059 3701 1224 3776 claustro
1253 3700 1352 3798 apud
1379 3725 1511 3782 mone·

389 3837 496 3928 ch0s‚
525 3843 562 3908 ct
590 3831 817 3908 Franciscus
845 3827 1012 3904 Pestieni
1044 3833 1141 3902 calar
1161 3840 1262 3920 octo,
1291 3825 1453 3906 dominis
1473 3839 1512 3906 et

389 3962 586 4038 nobilebus
604 3959 643 4034 in
672 3957 834 4032 ciuitate.
868 3954 1022 4030 Pedites
1051 3951 1198 4048 quidem
1226 3959 1511 4034 castrametati

389 4095 496 4164 crant
514 4085 703 4186 hayducii‚
725 4090 761 4158 et
780 4081 915 4158 Polcni
934 4080 1052 4154 eciam
1072 4079 1111 4154 iu
1130 4102 1261 4178 cumpo
1281 4087 1407 4156 castra
1431 4106 1509 4160 mc-

386 4216 455 4292 tati
480 4219 606 4307 erant,
636 4210 725 4307 quia
752 4233 847 4305 gens
874 4206 1027 4304 copiosa
1056 4213 1148 4280 erat.
1178 4203 1224 4280 In
1243 4205 1426 4284 dominico
1447 4209 1508 4284 dic

387 4341 554 4440 predicto
596 4359 682 4412 mcx
719 4341 800 4411 erat
837 4341 1016 4409 venturus
1053 4329 1101 4406 ad
1138 4331 1279 4426 Regem
1317 4331 1507 4410 Joannem

387 4467 614 4546 Franciscus
632 4461 836 4540 monachus
855 4459 1067 4560 Homonay‚
1088 4465 1124 4534 et
1143 4480 1226 4533 curn
1245 4457 1350 4552 Rege
1360 4459 1505 4536 Joanni

422 4751 452 4817 *)
470 4729 586 4805 thetik
605 4749 764 4804 Kntzianer
780 4745 880 4804 uanos.
