3238 5228
400 485 484 569 802

401 687 627 770 Valentinus
645 683 802 764 Therels
820 685 869 762 ad
888 684 1047 762 Paulum
1057 685 1307 764 'Praeiauumr
1331 685 1443 784 ,Nou
1471 687 1516 762 ti-

401 839 523 912 meas,
544 837 618 895 nou
636 821 733 892 sunt.
755 814 806 888 Et
824 835 932 909 eeoe,
951 813 1088 890 tratres
1108 813 1181 888 mei
1200 813 1337 892 milites
1356 813 1518 892 Christi-

400 944 474 1040 ani,
494 942 610 1020 Terei
628 941 788 1018 ducere
806 939 969 1036 veniunt,
990 963 1059 1017 nos
1078 947 1199 1018 autem
1219 941 1343 1039 parati
1362 948 1451 1018 sunt
1470 939 1520 1016 ad

401 1070 511 1148 ietum
531 1093 614 1146 eum
633 1069 700 1146 eis.
720 1067 844 1165 Ergo,
872 1091 945 1168 eya
963 1067 1124 1146 milites!
1153 1066 1264 1145 hodie
1282 1069 1389 1146 Deus
1408 1069 1520 1146 nobis

400 1195 626 1296 triumphum
655 1195 769 1272 dabit.
800 1195 1005 1272 utstatim
1032 1193 1214 1293 repenthe
1240 1193 1423 1272 &uersus
1452 1218 1519 1272 eos

401 1346 657 1420 occurramus,
679 1329 719 1397 vt
737 1346 784 1398 ne
802 1330 840 1398 et
857 1321 929 1420 ipsi
949 1321 1068 1398 aeiem
1087 1343 1194 1398 suam
1212 1329 1417 1421 preparent
1435 1345 1515 1400 sew

402 1449 650 1528 ordinarent.“
682 1447 732 1524 ut
749 1447 823 1546 ipsi
851 1447 967 1524 Turoi
1002 1469 1076 1522 non
1104 1447 1282 1524 videbant
1309 1471 1375 1524 eos
1403 1446 1519 1524 Chri-

403 1577 566 1670 stianos,
605 1582 643 1652 et
667 1573 723 1652 sie
746 1574 875 1652 eadem
902 1575 1024 1650 forma
1050 1574 1162 1651 ietum
1191 1574 1420 1670 habuerunt,
1451 1576 1521 1650 sed

403 1703 583 1804 imprimis
600 1701 880 1780 belliduotorem
907 1701 1118 1786 Turdetum
1134 1709 1258 1800 eaput
1285 1725 1382 1779 vnus
1410 1702 1521 1780 miles

401 1854 536 1913 nomen
573 1829 784 1930 Stephanus
826 1828 978 1907 Sismau
1006 1829 1129 1908 subito
1157 1838 1453 1929 amputtauerat,
1482 1841 1520 1905 et

401 1967 507 2034 tanto
533 1957 666 2033 melius
693 1951 882 2034 habebant
908 1981 973 2034 eor
991 1964 1120 2034 tutum.
1140 1957 1190 2034 Et
1209 1955 1292 2034 Deo
1314 1956 1519 2034 adiuuante

402 2108 485 2165 eum
504 2107 638 2182 magno
656 2083 843 2183 triumpho
862 2083 1082 2176 extiterunt,
1111 2083 1165 2160 ita
1192 2085 1291 2182 quod
1318 2105 1514 2184 expugna·

402 2216 494 2300 bant
511 2233 576 2288 eos
594 2235 764 2310 paganos
783 2212 831 2288 ad
849 2211 976 2288 deeem
1004 2211 1187 2307 miliaria,
1216 2218 1257 2288 vt
1283 2211 1380 2309 quod
1407 2233 1519 2290 nemo

371 2356 375 2365 ’
403 2361 451 2416 ex
481 2337 559 2416 illis
584 2359 680 2414 unus
698 2339 819 2416 miuus
838 2359 950 2416 ausus
977 2338 1046 2415 fuit
1064 2339 1113 2416 ad
1129 2337 1354 2438 predandum
1378 2339 1440 2413 vel
1462 2336 1520 2412 ad

403 2462 638 2564 spoliandum
657 2464 894 2562 descendere,
914 2465 982 2542 sed
999 2486 1116 2562 usque
1134 2463 1183 2540 ad
1200 2462 1312 2540 finem
1329 2464 1520 2562 persecuti

402 2569 551 2672 fuerant
569 2615 653 2687 eos,
673 2590 727 2666 ita
754 2591 851 2688 quod
879 2590 940 2688 qui
968 2591 1141 2690 pedester
1168 2592 1296 2689 lugam
1324 2589 1439 2668 dabat
1466 2589 1517 2664 ad

381 2696 537 2802 xdiluam
556 2717 602 2794 de
625 2740 741 2815 equo,
769 2715 827 2820 ⁹⁰·,'
834 2731 862 2770 v.
894 2718 941 2794 de
969 2719 1124 2815 equibus
1151 2717 1298 2796 deseen.
1327 2741 1372 2794 ao
1399 2719 1515 2794 reliu-

402 2848 575 2944 puebant.
596 2843 677 2945 Ipsi
696 2844 768 2922 soli
788 2845 986 2942 errabant,
1005 2845 1137 2942 lugere
1157 2846 1394 2941 neseiebant,
1424 2853 1463 2922 et
1480 2845 1518 2920 in

405 2973 513 3054 siluis
532 2979 664 3072 postea
681 2971 769 3048 laiei
787 2971 886 3069 quod
914 2971 1121 3050 sensissent
1144 2995 1210 3050 eos
1237 2979 1519 3071 expugnaturos

404 3123 472 3198 per
489 3097 726 3176 Christianos
744 3098 904 3196 milites,
924 3099 1143 3176 cateruatim
1162 3099 1367 3178 eireuibaut
1383 3099 1516 3194 siluas,

405 3253 450 3310 ae
468 3227 603 3304 multos
621 3225 842 3306 ooeidebant
862 3249 928 3304 eos
946 3227 1074 3304 rustioi
1092 3235 1130 3304 et
1156 3227 1379 3328 spoliabant.
1419 3227 1519 3304 Tres

406 3354 578 3438 mulieres
588 3361 670 3432 oeto
681 3351 826 3430 Turoos
843 3351 1114 3432 interfecerant
1130 3353 1170 3430 in
1187 3353 1419 3431 elibauovno
1433 3375 1518 3428 oum

405 3483 499 3560 loeis
524 3489 675 3578 tangen.
711 3478 750 3554 in
786 3479 973 3578 capitibus
1008 3479 1107 3576 suis-3
1149 3471 1203 3558 it'a
1230 3480 1329 3578 quod
1362 3487 1518 3556 ootauss

405 3607 622 3690 Natiuitatis
641 3605 762 3684 Mario
781 3605 929 3686 morant
946 3607 1163 3706 expugnati.

420 3815 422 3820 ,
512 3735 649 3812 Postea
677 3740 856 3810 venerant
882 3733 1017 3831 aliqud,
1046 3733 1114 3810 sed
1140 3735 1250 3832 pauei
1277 3731 1451 3832 pedester
1470 3733 1523 3806 ad

407 3863 570 3958 Budem3
598 3861 662 3938 ubi
680 3859 774 3955 duo,
804 3859 866 3936 vbi
885 3867 1080 3957 quattuor,
1100 3859 1163 3938 ubi
1182 3867 1265 3936 ooto
1283 3881 1367 3936 enm
1385 3881 1522 3956 oorpo-

408 3991 511 4069 ribus
529 3988 608 4066 suis
627 3987 864 4072 maeeluntis,
893 3987 957 4085 qui
975 3987 1149 4066 dieebant
1166 3987 1305 4087 pagani
1324 4009 1399 4064 non
1417 4009 1521 4062 eom-

409 4117 546 4194 medes.
575 4137 642 4216 per
660 4121 737 4190 tres
756 4135 918 4190 mensem
936 4137 1089 4213 panem,
1109 4115 1176 4192 sed
1192 4113 1422 4194 solummodo
1441 4113 1523 4188 fru-

408 4253 489 4325 etos
507 4245 546 4320 in
566 4247 752 4320 autumno.
781 4240 830 4316 Et
848 4241 886 4316 in
915 4241 1022 4317 Buda
1048 4249 1181 4340 postea
1199 4241 1313 4318 Turoi
1332 4265 1396 4318 eos
1414 4241 1522 4316 loue-

408 4373 499 4452 bant
516 4393 599 4448 eum
618 4368 713 4446 olbis
740 4369 964 4448 carnalibus.
994 4370 1045 4446 Et
1063 4369 1117 4448 sie
1135 4369 1305 4468 inspirati
1324 4379 1431 4447 erant
1450 4393 1522 4468 per

408 4499 584 4586 alimenta
601 4497 639 4572 iu
657 4519 823 4596 eorpore,
844 4497 945 4576 etsie
955 4505 1085 4594 postea
1095 4497 1294 4576 currebant
1304 4497 1352 4573 ad
1370 4497 1522 4573 domum

409 4625 527 4726 patrie
548 4645 675 4700 eorum
693 4631 763 4698 eto.
