<?xml version="1.0" encoding="UTF-8"?>
<!DOCTYPE html PUBLIC "-//W3C//DTD XHTML 1.0 Transitional//EN"
    "http://www.w3.org/TR/xhtml1/DTD/xhtml1-transitional.dtd">
<html xmlns="http://www.w3.org/1999/xhtml" xml:lang="en" lang="en">
 <head>
  <title>
</title>
<meta http-equiv="Content-Type" content="text/html;charset=utf-8" />
  <meta name='ocr-system' content='tesseract 3.04.00' />
  <meta name='ocr-capabilities' content='ocr_page ocr_carea ocr_par ocr_line ocrx_word'/>
</head>
<body>
  <div class='ocr_page' id='page_1' title='image "./emlkiratamagyar00wenzgoog_0077.png"; bbox 0 0 3294 5208; ppageno 0'>
   <div class='ocr_carea' id='block_1_1' title="bbox 404 417 457 500">
    <p class='ocr_par' dir='ltr' id='par_1_1' title="bbox 404 417 457 500">
     <span class='ocr_line' id='line_1_1' title="bbox 404 417 457 500; baseline 0 0"><span class='ocrx_word' id='word_1_1' title='bbox 404 417 457 500; x_wconf 73' lang='grc'><strong>80</strong></span> 
     </span>
    </p>
   </div>
   <div class='ocr_carea' id='block_1_2' title="bbox 404 613 1523 1099">
    <p class='ocr_par' dir='ltr' id='par_1_2' title="bbox 404 613 1523 1099">
     <span class='ocr_line' id='line_1_2' title="bbox 404 613 1521 716; baseline -0.003 -20"><span class='ocrx_word' id='word_1_2' title='bbox 404 619 558 696; x_wconf 84' lang='lat' dir='ltr'><strong>cuniam</strong></span> <span class='ocrx_word' id='word_1_3' title='bbox 578 616 718 694; x_wconf 88' lang='lat' dir='ltr'><strong>dietam</strong></span> <span class='ocrx_word' id='word_1_4' title='bbox 739 613 1011 716; x_wconf 77' lang='lat' dir='ltr'><strong>&#39;permiserunt3</strong></span> <span class='ocrx_word' id='word_1_5' title='bbox 1029 624 1080 696; x_wconf 66' lang='lat' dir='ltr'><strong>,et</strong></span> <span class='ocrx_word' id='word_1_6' title='bbox 1096 617 1260 696; x_wconf 86' lang='lat' dir='ltr'><strong>seeundo</strong></span> <span class='ocrx_word' id='word_1_7' title='bbox 1282 617 1374 696; x_wconf 87' lang='lat' dir='ltr'><strong>iecit</strong></span> <span class='ocrx_word' id='word_1_8' title='bbox 1398 617 1521 697; x_wconf 88' lang='lat' dir='ltr'><strong>Jcan-</strong></span> 
     </span>
     <span class='ocr_line' id='line_1_3' title="bbox 404 741 1522 847; baseline -0.004 -23"><span class='ocrx_word' id='word_1_9' title='bbox 404 771 473 824; x_wconf 88' lang='lat' dir='ltr'><strong>nes</strong></span> <span class='ocrx_word' id='word_1_10' title='bbox 491 741 1031 843; x_wconf 75' lang='lat' dir='ltr'><strong>Coruinuseeugregaeicnem.</strong></span> <span class='ocrx_word' id='word_1_11' title='bbox 1051 743 1183 822; x_wconf 86' lang='lat' dir='ltr'><strong>Eeiam</strong></span> <span class='ocrx_word' id='word_1_12' title='bbox 1198 744 1262 824; x_wconf 82' lang='lat' dir='ltr'><strong>isti</strong></span> <span class='ocrx_word' id='word_1_13' title='bbox 1271 745 1522 847; x_wconf 88' lang='lat' dir='ltr'><strong>prenominati</strong></span> 
     </span>
     <span class='ocr_line' id='line_1_4' title="bbox 404 869 1523 972; baseline -0.002 -22"><span class='ocrx_word' id='word_1_14' title='bbox 404 873 652 971; x_wconf 84' lang='lat' dir='ltr'><strong>neglexerunt</strong></span> <span class='ocrx_word' id='word_1_15' title='bbox 679 869 808 948; x_wconf 88' lang='lat' dir='ltr'><strong>venire</strong></span> <span class='ocrx_word' id='word_1_16' title='bbox 827 869 1149 968; x_wconf 88' lang='lat' dir='ltr'><strong>adjuramentum</strong></span> <span class='ocrx_word' id='word_1_17' title='bbox 1165 871 1264 970; x_wconf 86' lang='lat' dir='ltr'><strong>fidei,</strong></span> <span class='ocrx_word' id='word_1_18' title='bbox 1283 881 1322 952; x_wconf 85' lang='lat' dir='ltr'><strong>et</strong></span> <span class='ocrx_word' id='word_1_19' title='bbox 1338 871 1523 972; x_wconf 79' lang='lat' dir='ltr'><strong>reguiceli</strong></span> 
     </span>
     <span class='ocr_line' id='line_1_5' title="bbox 405 994 1523 1099; baseline 0 -23"><span class='ocrx_word' id='word_1_20' title='bbox 405 994 673 1099; x_wconf 65' lang='lat' dir='ltr'><strong>gaudebautlil</strong></span> <span class='ocrx_word' id='word_1_21' title='bbox 696 1019 780 1074; x_wconf 92' lang='lat' dir='ltr'><strong>eum</strong></span> <span class='ocrx_word' id='word_1_22' title='bbox 797 996 877 1074; x_wconf 85' lang='lat' dir='ltr'><strong>iore</strong></span> <span class='ocrx_word' id='word_1_23' title='bbox 895 995 1038 1095; x_wconf 83' lang='lat' dir='ltr'><strong>Regem</strong></span> <span class='ocrx_word' id='word_1_24' title='bbox 1049 997 1256 1097; x_wconf 78' lang='lat' dir='ltr'><strong>Hungnuie.</strong></span> <span class='ocrx_word' id='word_1_25' title='bbox 1287 1001 1339 1076; x_wconf 85' lang='lat' dir='ltr'><strong>Et</strong></span> <span class='ocrx_word' id='word_1_26' title='bbox 1354 999 1523 1077; x_wconf 88' lang='lat' dir='ltr'><strong>hocerat</strong></span> 
     </span>
    </p>
   </div>
   <div class='ocr_carea' id='block_1_3' title="bbox 240 1122 1523 1228">
    <p class='ocr_par' dir='ltr' id='par_1_3' title="bbox 240 1122 1523 1228">
     <span class='ocr_line' id='line_1_6' title="bbox 240 1122 1523 1228; baseline -0.003 -22"><span class='ocrx_word' id='word_1_27' title='bbox 240 1199 243 1206; x_wconf 16' lang='grc' dir='ltr'><strong>Α</strong></span> <span class='ocrx_word' id='word_1_28' title='bbox 406 1135 488 1228; x_wconf 88' lang='lat' dir='ltr'><strong>pest</strong></span> <span class='ocrx_word' id='word_1_29' title='bbox 513 1125 704 1204; x_wconf 74' lang='lat' dir='ltr'><strong>decessum</strong></span> <span class='ocrx_word' id='word_1_30' title='bbox 740 1122 859 1222; x_wconf 74' lang='lat' dir='ltr'><strong>Regis</strong></span> <span class='ocrx_word' id='word_1_31' title='bbox 886 1122 1040 1222; x_wconf 69' lang='lat' dir='ltr'><strong>Mathie,</strong></span> <span class='ocrx_word' id='word_1_32' title='bbox 1068 1123 1155 1202; x_wconf 92' lang='lat' dir='ltr'><strong>dum</strong></span> <span class='ocrx_word' id='word_1_33' title='bbox 1181 1125 1396 1206; x_wconf 75' lang='lat' dir='ltr'><strong>scribebant</strong></span> <span class='ocrx_word' id='word_1_34' title='bbox 1422 1150 1523 1203; x_wconf 89' lang='lat' dir='ltr'><strong>anno</strong></span> 
     </span>
    </p>
   </div>
   <div class='ocr_carea' id='block_1_4' title="bbox 354 1248 1526 4386">
    <p class='ocr_par' dir='ltr' id='par_1_4' title="bbox 383 1248 1104 1356">
     <span class='ocr_line' id='line_1_7' title="bbox 383 1248 1104 1356; baseline -0.007 -23"><span class='ocrx_word' id='word_1_35' title='bbox 383 1304 386 1310; x_wconf 81' lang='lat'>.</span> <span class='ocrx_word' id='word_1_36' title='bbox 404 1253 539 1334; x_wconf 90' lang='lat' dir='ltr'><strong>salutis</strong></span> <span class='ocrx_word' id='word_1_37' title='bbox 559 1251 610 1330; x_wconf 90' lang='lat'><strong>14</strong></span> <span class='ocrx_word' id='word_1_38' title='bbox 626 1249 868 1348; x_wconf 80' lang='lat' dir='ltr'><strong>nonagesimo</strong></span> <span class='ocrx_word' id='word_1_39' title='bbox 886 1248 1104 1356; x_wconf 77' lang='lat' dir='ltr'><strong>secundo.*)</strong></span> 
     </span>
    </p>

    <p class='ocr_par' dir='ltr' id='par_1_5' title="bbox 405 1376 1526 4028">
     <span class='ocr_line' id='line_1_8' title="bbox 512 1376 1521 1480; baseline 0 -22"><span class='ocrx_word' id='word_1_40' title='bbox 512 1379 638 1480; x_wconf 83' lang='lat' dir='ltr'><strong>Semel</strong></span> <span class='ocrx_word' id='word_1_41' title='bbox 647 1376 880 1478; x_wconf 86' lang='lat' dir='ltr'><strong>prescriptos</strong></span> <span class='ocrx_word' id='word_1_42' title='bbox 899 1385 1093 1477; x_wconf 81' lang='lat' dir='ltr'><strong>magnates</strong></span> <span class='ocrx_word' id='word_1_43' title='bbox 1115 1378 1205 1456; x_wconf 87' lang='lat' dir='ltr'><strong>iecit</strong></span> <span class='ocrx_word' id='word_1_44' title='bbox 1222 1378 1382 1458; x_wconf 86' lang='lat' dir='ltr'><strong>invitare</strong></span> <span class='ocrx_word' id='word_1_45' title='bbox 1399 1378 1447 1456; x_wconf 92' lang='lat' dir='ltr'><strong>ad</strong></span> <span class='ocrx_word' id='word_1_46' title='bbox 1464 1403 1521 1476; x_wconf 89' lang='lat' dir='ltr'><strong>se,</strong></span> 
     </span>
     <span class='ocr_line' id='line_1_9' title="bbox 405 1503 1522 1602; baseline -0.005 -15"><span class='ocrx_word' id='word_1_47' title='bbox 405 1517 445 1588; x_wconf 88' lang='lat' dir='ltr'><strong>et</strong></span> <span class='ocrx_word' id='word_1_48' title='bbox 462 1510 672 1602; x_wconf 88' lang='lat' dir='ltr'><strong>uenerunt;</strong></span> <span class='ocrx_word' id='word_1_49' title='bbox 701 1509 741 1580; x_wconf 89' lang='lat' dir='ltr'><strong>et</strong></span> <span class='ocrx_word' id='word_1_50' title='bbox 766 1503 960 1602; x_wconf 78' lang='lat' dir='ltr'><strong>commisit,</strong></span> <span class='ocrx_word' id='word_1_51' title='bbox 988 1512 1030 1581; x_wconf 85' lang='lat' dir='ltr'><strong>vt</strong></span> <span class='ocrx_word' id='word_1_52' title='bbox 1055 1503 1265 1584; x_wconf 84' lang='lat' dir='ltr'><strong>convivium</strong></span> <span class='ocrx_word' id='word_1_53' title='bbox 1286 1505 1455 1584; x_wconf 83' lang='lat' dir='ltr'><strong>iacerent</strong></span> <span class='ocrx_word' id='word_1_54' title='bbox 1481 1507 1522 1582; x_wconf 92' lang='lat' dir='ltr'><strong>in</strong></span> 
     </span>
     <span class='ocr_line' id='line_1_10' title="bbox 407 1629 1522 1733; baseline -0.007 -15"><span class='ocrx_word' id='word_1_55' title='bbox 407 1631 617 1731; x_wconf 77' lang='lat' dir='ltr'><strong>vissegrad</strong></span> <span class='ocrx_word' id='word_1_56' title='bbox 636 1629 886 1731; x_wconf 79' lang='lat' dir='ltr'><strong>dispensatori</strong></span> <span class='ocrx_word' id='word_1_57' title='bbox 904 1633 1409 1733; x_wconf 82' lang='lat' dir='ltr'><strong>squtiuarcesupraeum</strong></span> <span class='ocrx_word' id='word_1_58' title='bbox 1418 1655 1522 1710; x_wconf 91' lang='lat' dir='ltr'><strong>ccm-</strong></span> 
     </span>
     <span class='ocr_line' id='line_1_11' title="bbox 408 1757 1525 1858; baseline -0.004 -16"><span class='ocrx_word' id='word_1_59' title='bbox 408 1763 561 1842; x_wconf 84' lang='lat' dir='ltr'><strong>ederent</strong></span> <span class='ocrx_word' id='word_1_60' title='bbox 578 1766 617 1836; x_wconf 89' lang='lat' dir='ltr'><strong>et</strong></span> <span class='ocrx_word' id='word_1_61' title='bbox 632 1759 815 1856; x_wconf 85' lang='lat' dir='ltr'><strong>biberent,</strong></span> <span class='ocrx_word' id='word_1_62' title='bbox 838 1757 924 1836; x_wconf 93' lang='lat' dir='ltr'><strong>inde</strong></span> <span class='ocrx_word' id='word_1_63' title='bbox 943 1758 1126 1838; x_wconf 87' lang='lat' dir='ltr'><strong>cummisit</strong></span> <span class='ocrx_word' id='word_1_64' title='bbox 1160 1759 1369 1838; x_wconf 86' lang='lat' dir='ltr'><strong>castellano</strong></span> <span class='ocrx_word' id='word_1_65' title='bbox 1385 1779 1466 1858; x_wconf 88' lang='lat' dir='ltr'><strong>suc,</strong></span> <span class='ocrx_word' id='word_1_66' title='bbox 1485 1765 1525 1837; x_wconf 87' lang='lat' dir='ltr'><strong>et</strong></span> 
     </span>
     <span class='ocr_line' id='line_1_12' title="bbox 408 1881 1523 1986; baseline -0.002 -20"><span class='ocrx_word' id='word_1_67' title='bbox 408 1897 449 1966; x_wconf 87' lang='lat' dir='ltr'><strong>ut</strong></span> <span class='ocrx_word' id='word_1_68' title='bbox 465 1887 657 1966; x_wconf 84' lang='lat' dir='ltr'><strong>ordinaret</strong></span> <span class='ocrx_word' id='word_1_69' title='bbox 686 1884 865 1962; x_wconf 85' lang='lat' dir='ltr'><strong>ducentes</strong></span> <span class='ocrx_word' id='word_1_70' title='bbox 892 1882 994 1964; x_wconf 83' lang='lat' dir='ltr'><strong>uiros</strong></span> <span class='ocrx_word' id='word_1_71' title='bbox 1011 1883 1213 1964; x_wconf 77' lang='lat' dir='ltr'><strong>heldenses</strong></span> <span class='ocrx_word' id='word_1_72' title='bbox 1229 1883 1279 1964; x_wconf 84' lang='lat' dir='ltr'><strong>ad</strong></span> <span class='ocrx_word' id='word_1_73' title='bbox 1295 1881 1444 1986; x_wconf 80' lang='lat' dir='ltr'><strong>partam</strong></span> <span class='ocrx_word' id='word_1_74' title='bbox 1460 1909 1523 1964; x_wconf 88' lang='lat' dir='ltr'><strong>ar·</strong></span> 
     </span>
     <span class='ocr_line' id='line_1_13' title="bbox 408 2010 1523 2114; baseline -0.007 -18"><span class='ocrx_word' id='word_1_75' title='bbox 408 2015 473 2096; x_wconf 87' lang='lat' dir='ltr'><strong>uis.</strong></span> <span class='ocrx_word' id='word_1_76' title='bbox 502 2014 553 2090; x_wconf 84' lang='lat' dir='ltr'><strong>Et</strong></span> <span class='ocrx_word' id='word_1_77' title='bbox 568 2011 740 2114; x_wconf 86' lang='lat' dir='ltr'><strong>provisor</strong></span> <span class='ocrx_word' id='word_1_78' title='bbox 758 2010 857 2090; x_wconf 88' lang='lat' dir='ltr'><strong>areis</strong></span> <span class='ocrx_word' id='word_1_79' title='bbox 876 2011 981 2090; x_wconf 88' lang='lat' dir='ltr'><strong>illice</strong></span> <span class='ocrx_word' id='word_1_80' title='bbox 999 2011 1198 2111; x_wconf 89' lang='lat' dir='ltr'><strong>ordinauit,</strong></span> <span class='ocrx_word' id='word_1_81' title='bbox 1217 2019 1260 2092; x_wconf 87' lang='lat' dir='ltr'><strong>vt</strong></span> <span class='ocrx_word' id='word_1_82' title='bbox 1275 2013 1340 2113; x_wconf 91' lang='lat' dir='ltr'><strong>qui</strong></span> <span class='ocrx_word' id='word_1_83' title='bbox 1358 2020 1466 2090; x_wconf 85' lang='lat' dir='ltr'><strong>erant</strong></span> <span class='ocrx_word' id='word_1_84' title='bbox 1482 2013 1523 2088; x_wconf 95' lang='lat' dir='ltr'><strong>in</strong></span> 
     </span>
     <span class='ocr_line' id='line_1_14' title="bbox 406 2138 1523 2241; baseline -0.004 -21"><span class='ocrx_word' id='word_1_85' title='bbox 406 2141 575 2220; x_wconf 86' lang='lat' dir='ltr'><strong>infideles</strong></span> <span class='ocrx_word' id='word_1_86' title='bbox 592 2139 677 2236; x_wconf 87' lang='lat' dir='ltr'><strong>sihi,</strong></span> <span class='ocrx_word' id='word_1_87' title='bbox 696 2144 738 2214; x_wconf 88' lang='lat' dir='ltr'><strong>vt</strong></span> <span class='ocrx_word' id='word_1_88' title='bbox 754 2138 988 2238; x_wconf 87' lang='lat' dir='ltr'><strong>priuarentur</strong></span> <span class='ocrx_word' id='word_1_89' title='bbox 1005 2162 1031 2216; x_wconf 86' lang='lat' dir='ltr'><strong>a</strong></span> <span class='ocrx_word' id='word_1_90' title='bbox 1047 2139 1184 2241; x_wconf 89' lang='lat' dir='ltr'><strong>capitis</strong></span> <span class='ocrx_word' id='word_1_91' title='bbox 1201 2141 1291 2219; x_wconf 86' lang='lat' dir='ltr'><strong>suia.</strong></span> <span class='ocrx_word' id='word_1_92' title='bbox 1321 2138 1429 2234; x_wconf 85' lang='lat' dir='ltr'><strong>Quod</strong></span> <span class='ocrx_word' id='word_1_93' title='bbox 1436 2161 1523 2218; x_wconf 88' lang='lat' dir='ltr'><strong>sen·</strong></span> 
     </span>
     <span class='ocr_line' id='line_1_15' title="bbox 407 2263 1525 2368; baseline -0.007 -16"><span class='ocrx_word' id='word_1_94' title='bbox 407 2275 545 2352; x_wconf 86' lang='lat' dir='ltr'><strong>sissent</strong></span> <span class='ocrx_word' id='word_1_95' title='bbox 571 2267 747 2366; x_wconf 78' lang='lat' dir='ltr'><strong>precipue</strong></span> <span class='ocrx_word' id='word_1_96' title='bbox 774 2263 986 2366; x_wconf 77' lang='lat' dir='ltr'><strong>Stephanus</strong></span> <span class='ocrx_word' id='word_1_97' title='bbox 1005 2267 1120 2346; x_wconf 83' lang='lat' dir='ltr'><strong>Bator</strong></span> <span class='ocrx_word' id='word_1_98' title='bbox 1137 2275 1177 2345; x_wconf 86' lang='lat' dir='ltr'><strong>et</strong></span> <span class='ocrx_word' id='word_1_99' title='bbox 1194 2269 1292 2346; x_wconf 80' lang='lat' dir='ltr'><strong>alter</strong></span> <span class='ocrx_word' id='word_1_100' title='bbox 1310 2267 1525 2368; x_wconf 73' lang='lat' dir='ltr'><strong>Stephanus</strong></span> 
     </span>
     <span class='ocr_line' id='line_1_16' title="bbox 409 2392 1522 2495; baseline -0.006 -17"><span class='ocrx_word' id='word_1_101' title='bbox 409 2398 516 2478; x_wconf 87' lang='lat' dir='ltr'><strong>Prini</strong></span> <span class='ocrx_word' id='word_1_102' title='bbox 543 2396 590 2474; x_wconf 90' lang='lat' dir='ltr'><strong>de</strong></span> <span class='ocrx_word' id='word_1_103' title='bbox 613 2392 821 2490; x_wconf 80' lang='lat' dir='ltr'><strong>Therehes,</strong></span> <span class='ocrx_word' id='word_1_104' title='bbox 840 2399 878 2470; x_wconf 91' lang='lat' dir='ltr'><strong>et</strong></span> <span class='ocrx_word' id='word_1_105' title='bbox 898 2393 965 2472; x_wconf 91' lang='lat' dir='ltr'><strong>alii</strong></span> <span class='ocrx_word' id='word_1_106' title='bbox 982 2417 1096 2495; x_wconf 85' lang='lat' dir='ltr'><strong>pares</strong></span> <span class='ocrx_word' id='word_1_107' title='bbox 1113 2417 1263 2493; x_wconf 86' lang='lat' dir='ltr'><strong>eurum;</strong></span> <span class='ocrx_word' id='word_1_108' title='bbox 1290 2394 1443 2493; x_wconf 86' lang='lat' dir='ltr'><strong>unatim,</strong></span> <span class='ocrx_word' id='word_1_109' title='bbox 1462 2394 1522 2472; x_wconf 92' lang='lat' dir='ltr'><strong>hi·</strong></span> 
     </span>
     <span class='ocr_line' id='line_1_17' title="bbox 407 2517 1521 2618; baseline -0.005 -16"><span class='ocrx_word' id='word_1_110' title='bbox 407 2526 524 2604; x_wconf 89' lang='lat' dir='ltr'><strong>natim</strong></span> <span class='ocrx_word' id='word_1_111' title='bbox 552 2522 599 2598; x_wconf 91' lang='lat' dir='ltr'><strong>de</strong></span> <span class='ocrx_word' id='word_1_112' title='bbox 626 2541 714 2596; x_wconf 89' lang='lat' dir='ltr'><strong>aree</strong></span> <span class='ocrx_word' id='word_1_113' title='bbox 741 2517 951 2616; x_wconf 78' lang='lat' dir='ltr'><strong>vissegrad</strong></span> <span class='ocrx_word' id='word_1_114' title='bbox 985 2519 1224 2600; x_wconf 82' lang='lat' dir='ltr'><strong>festinantur.</strong></span> <span class='ocrx_word' id='word_1_115' title='bbox 1239 2521 1521 2618; x_wconf 87' lang='lat' dir='ltr'><strong>descenderunt,</strong></span> 
     </span>
     <span class='ocr_line' id='line_1_18' title="bbox 408 2643 1523 2754; baseline -0.009 -22"><span class='ocrx_word' id='word_1_116' title='bbox 408 2674 541 2754; x_wconf 89' lang='lat' dir='ltr'><strong>equum</strong></span> <span class='ocrx_word' id='word_1_117' title='bbox 576 2646 702 2727; x_wconf 88' lang='lat' dir='ltr'><strong>statim</strong></span> <span class='ocrx_word' id='word_1_118' title='bbox 736 2643 946 2724; x_wconf 80' lang='lat' dir='ltr'><strong>adnuerunt</strong></span> <span class='ocrx_word' id='word_1_119' title='bbox 969 2644 1159 2748; x_wconf 87' lang='lat' dir='ltr'><strong>Stephano</strong></span> <span class='ocrx_word' id='word_1_120' title='bbox 1178 2655 1217 2726; x_wconf 90' lang='lat' dir='ltr'><strong>et</strong></span> <span class='ocrx_word' id='word_1_121' title='bbox 1233 2649 1354 2726; x_wconf 87' lang='lat' dir='ltr'><strong>Paule</strong></span> <span class='ocrx_word' id='word_1_122' title='bbox 1382 2646 1523 2725; x_wconf 89' lang='lat' dir='ltr'><strong>Kinisi.</strong></span> 
     </span>
     <span class='ocr_line' id='line_1_19' title="bbox 410 2773 1525 2876; baseline -0.005 -18"><span class='ocrx_word' id='word_1_123' title='bbox 410 2777 518 2876; x_wconf 86' lang='lat' dir='ltr'><strong>Quod</strong></span> <span class='ocrx_word' id='word_1_124' title='bbox 536 2773 794 2856; x_wconf 83' lang='lat' dir='ltr'><strong>ascendissent</strong></span> <span class='ocrx_word' id='word_1_125' title='bbox 812 2789 926 2874; x_wconf 89' lang='lat' dir='ltr'><strong>super</strong></span> <span class='ocrx_word' id='word_1_126' title='bbox 944 2797 1061 2874; x_wconf 86' lang='lat' dir='ltr'><strong>equos</strong></span> <span class='ocrx_word' id='word_1_127' title='bbox 1078 2797 1180 2874; x_wconf 89' lang='lat' dir='ltr'><strong>sues,</strong></span> <span class='ocrx_word' id='word_1_128' title='bbox 1200 2775 1294 2852; x_wconf 84' lang='lat' dir='ltr'><strong>dixit</strong></span> <span class='ocrx_word' id='word_1_129' title='bbox 1311 2773 1525 2876; x_wconf 82' lang='lat' dir='ltr'><strong>Stephanus</strong></span> 
     </span>
     <span class='ocr_line' id='line_1_20' title="bbox 410 2899 1526 3006; baseline -0.01 -20"><span class='ocrx_word' id='word_1_130' title='bbox 410 2911 545 2986; x_wconf 84' lang='lat' dir='ltr'><strong>Baton:</strong></span> <span class='ocrx_word' id='word_1_131' title='bbox 569 2904 695 3006; x_wconf 84' lang='lat' dir='ltr'><strong>„Vere</strong></span> <span class='ocrx_word' id='word_1_132' title='bbox 713 2901 885 2980; x_wconf 89' lang='lat' dir='ltr'><strong>nolumus</strong></span> <span class='ocrx_word' id='word_1_133' title='bbox 904 2903 1074 3002; x_wconf 89' lang='lat' dir='ltr'><strong>spurium</strong></span> <span class='ocrx_word' id='word_1_134' title='bbox 1091 2925 1249 3003; x_wconf 87' lang='lat' dir='ltr'><strong>puerum</strong></span> <span class='ocrx_word' id='word_1_135' title='bbox 1267 2899 1473 3000; x_wconf 80' lang='lat' dir='ltr'><strong>ccmuari,“</strong></span> <span class='ocrx_word' id='word_1_136' title='bbox 1486 2907 1526 2976; x_wconf 91' lang='lat' dir='ltr'><strong>et</strong></span> 
     </span>
     <span class='ocr_line' id='line_1_21' title="bbox 411 3027 1525 3132; baseline -0.009 -18"><span class='ocrx_word' id='word_1_137' title='bbox 411 3036 483 3114; x_wconf 87' lang='lat' dir='ltr'><strong>cito</strong></span> <span class='ocrx_word' id='word_1_138' title='bbox 511 3032 772 3132; x_wconf 88' lang='lat' dir='ltr'><strong>equitaueruut</strong></span> <span class='ocrx_word' id='word_1_139' title='bbox 800 3029 957 3127; x_wconf 86' lang='lat' dir='ltr'><strong>quihhct</strong></span> <span class='ocrx_word' id='word_1_140' title='bbox 974 3029 1022 3107; x_wconf 88' lang='lat' dir='ltr'><strong>ad</strong></span> <span class='ocrx_word' id='word_1_141' title='bbox 1041 3030 1185 3110; x_wconf 90' lang='lat' dir='ltr'><strong>domum</strong></span> <span class='ocrx_word' id='word_1_142' title='bbox 1212 3051 1328 3109; x_wconf 89' lang='lat' dir='ltr'><strong>suam.</strong></span> <span class='ocrx_word' id='word_1_143' title='bbox 1357 3027 1431 3106; x_wconf 90' lang='lat' dir='ltr'><strong>Hie</strong></span> <span class='ocrx_word' id='word_1_144' title='bbox 1443 3028 1525 3127; x_wconf 88' lang='lat' dir='ltr'><strong>jam</strong></span> 
     </span>
     <span class='ocr_line' id='line_1_22' title="bbox 410 3153 1526 3262; baseline -0.013 -19"><span class='ocrx_word' id='word_1_145' title='bbox 410 3185 503 3262; x_wconf 82' lang='lat' dir='ltr'><strong>ruge</strong></span> <span class='ocrx_word' id='word_1_146' title='bbox 521 3182 599 3256; x_wconf 85' lang='lat' dir='ltr'><strong>ves,</strong></span> <span class='ocrx_word' id='word_1_147' title='bbox 628 3153 857 3233; x_wconf 90' lang='lat' dir='ltr'><strong>dilectissimi</strong></span> <span class='ocrx_word' id='word_1_148' title='bbox 884 3154 1052 3256; x_wconf 84' lang='lat' dir='ltr'><strong>lectores,</strong></span> <span class='ocrx_word' id='word_1_149' title='bbox 1072 3164 1111 3234; x_wconf 88' lang='lat' dir='ltr'><strong>et</strong></span> <span class='ocrx_word' id='word_1_150' title='bbox 1127 3155 1270 3256; x_wconf 88' lang='lat' dir='ltr'><strong>parcite</strong></span> <span class='ocrx_word' id='word_1_151' title='bbox 1294 3155 1386 3234; x_wconf 90' lang='lat' dir='ltr'><strong>mihi</strong></span> <span class='ocrx_word' id='word_1_152' title='bbox 1403 3155 1449 3232; x_wconf 88' lang='lat' dir='ltr'><strong>de</strong></span> <span class='ocrx_word' id='word_1_153' title='bbox 1467 3154 1526 3230; x_wconf 92' lang='lat' dir='ltr'><strong>in·</strong></span> 
     </span>
     <span class='ocr_line' id='line_1_23' title="bbox 412 3278 1525 3388; baseline -0.012 -20"><span class='ocrx_word' id='word_1_154' title='bbox 412 3279 820 3388; x_wconf 83' lang='lat' dir='ltr'><strong>congruitatibusmeis.</strong></span> <span class='ocrx_word' id='word_1_155' title='bbox 849 3278 924 3358; x_wconf 92' lang='lat' dir='ltr'><strong>Hie</strong></span> <span class='ocrx_word' id='word_1_156' title='bbox 951 3281 1132 3384; x_wconf 88' lang='lat' dir='ltr'><strong>imprimis</strong></span> <span class='ocrx_word' id='word_1_157' title='bbox 1141 3281 1296 3384; x_wconf 86' lang='lat' dir='ltr'><strong>perfidia</strong></span> <span class='ocrx_word' id='word_1_158' title='bbox 1309 3285 1525 3382; x_wconf 87' lang='lat' dir='ltr'><strong>juramenta</strong></span> 
     </span>
     <span class='ocr_line' id='line_1_24' title="bbox 412 3405 1525 3516; baseline -0.013 -20"><span class='ocrx_word' id='word_1_159' title='bbox 412 3413 649 3516; x_wconf 78' lang='lat' dir='ltr'><strong>magnatibus</strong></span> <span class='ocrx_word' id='word_1_160' title='bbox 685 3405 966 3506; x_wconf 80' lang='lat' dir='ltr'><strong>Huugarorum</strong></span> <span class='ocrx_word' id='word_1_161' title='bbox 987 3407 1070 3488; x_wconf 88' lang='lat' dir='ltr'><strong>Hee</strong></span> <span class='ocrx_word' id='word_1_162' title='bbox 1098 3415 1177 3488; x_wconf 85' lang='lat' dir='ltr'><strong>tres</strong></span> <span class='ocrx_word' id='word_1_163' title='bbox 1212 3407 1384 3508; x_wconf 77' lang='lat' dir='ltr'><strong>fidefragi</strong></span> <span class='ocrx_word' id='word_1_164' title='bbox 1418 3411 1525 3502; x_wconf 81' lang='lat' dir='ltr'><strong>sunt3</strong></span> 
     </span>
     <span class='ocr_line' id='line_1_25' title="bbox 413 3531 1525 3638; baseline -0.013 -15"><span class='ocrx_word' id='word_1_165' title='bbox 413 3543 555 3624; x_wconf 87' lang='lat' dir='ltr'><strong>Paulus</strong></span> <span class='ocrx_word' id='word_1_166' title='bbox 581 3534 723 3634; x_wconf 87' lang='lat' dir='ltr'><strong>Kinisi,</strong></span> <span class='ocrx_word' id='word_1_167' title='bbox 751 3539 874 3612; x_wconf 84' lang='lat' dir='ltr'><strong>nutus</strong></span> <span class='ocrx_word' id='word_1_168' title='bbox 901 3542 983 3612; x_wconf 90' lang='lat' dir='ltr'><strong>erat</strong></span> <span class='ocrx_word' id='word_1_169' title='bbox 1008 3535 1165 3634; x_wconf 90' lang='lat' dir='ltr'><strong>demum,</strong></span> <span class='ocrx_word' id='word_1_170' title='bbox 1185 3544 1226 3614; x_wconf 90' lang='lat' dir='ltr'><strong>et</strong></span> <span class='ocrx_word' id='word_1_171' title='bbox 1241 3536 1296 3614; x_wconf 85' lang='lat' dir='ltr'><strong>aie</strong></span> <span class='ocrx_word' id='word_1_172' title='bbox 1324 3531 1525 3638; x_wconf 87' lang='lat' dir='ltr'><strong>(ex)alauit</strong></span> 
     </span>
     <span class='ocr_line' id='line_1_26' title="bbox 414 3659 1525 3763; baseline -0.014 -13"><span class='ocrx_word' id='word_1_173' title='bbox 414 3673 459 3750; x_wconf 93' lang='lat' dir='ltr'><strong>de</strong></span> <span class='ocrx_word' id='word_1_174' title='bbox 487 3665 643 3763; x_wconf 79' lang='lat' dir='ltr'><strong>muud03</strong></span> <span class='ocrx_word' id='word_1_175' title='bbox 671 3659 884 3762; x_wconf 88' lang='lat' dir='ltr'><strong>Stephanus</strong></span> <span class='ocrx_word' id='word_1_176' title='bbox 911 3659 1028 3742; x_wconf 89' lang='lat' dir='ltr'><strong>Batur</strong></span> <span class='ocrx_word' id='word_1_177' title='bbox 1054 3662 1094 3740; x_wconf 91' lang='lat' dir='ltr'><strong>in</strong></span> <span class='ocrx_word' id='word_1_178' title='bbox 1122 3685 1295 3762; x_wconf 74' lang='lat' dir='ltr'><strong>magnam</strong></span> <span class='ocrx_word' id='word_1_179' title='bbox 1312 3661 1525 3738; x_wconf 76' lang='lat' dir='ltr'><strong>fatuitatem</strong></span> 
     </span>
     <span class='ocr_line' id='line_1_27' title="bbox 413 3785 1526 3894; baseline -0.015 -15"><span class='ocrx_word' id='word_1_180' title='bbox 413 3801 611 3894; x_wconf 81' lang='lat' dir='ltr'><strong>euenerat,</strong></span> <span class='ocrx_word' id='word_1_181' title='bbox 639 3797 678 3868; x_wconf 90' lang='lat' dir='ltr'><strong>et</strong></span> <span class='ocrx_word' id='word_1_182' title='bbox 703 3787 759 3869; x_wconf 89' lang='lat' dir='ltr'><strong>sic</strong></span> <span class='ocrx_word' id='word_1_183' title='bbox 776 3787 823 3866; x_wconf 93' lang='lat' dir='ltr'><strong>de</strong></span> <span class='ocrx_word' id='word_1_184' title='bbox 851 3789 986 3868; x_wconf 90' lang='lat' dir='ltr'><strong>munde</strong></span> <span class='ocrx_word' id='word_1_185' title='bbox 1014 3789 1210 3890; x_wconf 75' lang='lat' dir='ltr'><strong>migrauit3</strong></span> <span class='ocrx_word' id='word_1_186' title='bbox 1238 3795 1278 3868; x_wconf 88' lang='lat' dir='ltr'><strong>et</strong></span> <span class='ocrx_word' id='word_1_187' title='bbox 1303 3785 1526 3886; x_wconf 74' lang='lat' dir='ltr'><strong>singillatim</strong></span> 
     </span>
     <span class='ocr_line' id='line_1_28' title="bbox 411 3915 984 4028; baseline -0.017 -22"><span class='ocrx_word' id='word_1_188' title='bbox 411 3923 629 4028; x_wconf 84' lang='lat' dir='ltr'><strong>turpissima</strong></span> <span class='ocrx_word' id='word_1_189' title='bbox 645 3923 764 3998; x_wconf 87' lang='lat' dir='ltr'><strong>morte</strong></span> <span class='ocrx_word' id='word_1_190' title='bbox 780 3915 984 4018; x_wconf 87' lang='lat' dir='ltr'><strong>perierunt.</strong></span> 
     </span>
    </p>

    <p class='ocr_par' dir='ltr' id='par_1_6' title="bbox 354 4040 1525 4386">
     <span class='ocr_line' id='line_1_29' title="bbox 354 4040 1525 4149; baseline -0.01 -21"><span class='ocrx_word' id='word_1_191' title='bbox 354 4115 360 4128; x_wconf 85' lang='grc'><strong><em>,</em></strong></span> <span class='ocrx_word' id='word_1_192' title='bbox 518 4048 746 4149; x_wconf 84' lang='lat' dir='ltr'><strong>Stephanum</strong></span> <span class='ocrx_word' id='word_1_193' title='bbox 772 4043 1047 4124; x_wconf 85' lang='lat' dir='ltr'><strong>theuaurarium</strong></span> <span class='ocrx_word' id='word_1_194' title='bbox 1073 4040 1295 4138; x_wconf 86' lang='lat' dir='ltr'><strong>Vieuenses,</strong></span> <span class='ocrx_word' id='word_1_195' title='bbox 1322 4045 1416 4140; x_wconf 78' lang='lat' dir='ltr'><strong>qaod</strong></span> <span class='ocrx_word' id='word_1_196' title='bbox 1440 4043 1525 4116; x_wconf 74' lang='lat' dir='ltr'><strong>Rea</strong></span> 
     </span>
     <span class='ocr_line' id='line_1_30' title="bbox 415 4161 1524 4276; baseline -0.018 -16"><span class='ocrx_word' id='word_1_197' title='bbox 415 4185 557 4260; x_wconf 78' lang='lat' dir='ltr'><strong>abietau</strong></span> <span class='ocrx_word' id='word_1_198' title='bbox 576 4185 648 4276; x_wconf 80' lang='lat' dir='ltr'><strong>[cit</strong></span> <span class='ocrx_word' id='word_1_199' title='bbox 659 4179 701 4252; x_wconf 83' lang='lat' dir='ltr'><strong>de</strong></span> <span class='ocrx_word' id='word_1_200' title='bbox 725 4177 835 4252; x_wconf 76' lang='lat' dir='ltr'><strong>Vicae</strong></span> <span class='ocrx_word' id='word_1_201' title='bbox 854 4164 1085 4272; x_wconf 73' lang='lat' dir='ltr'><strong>eerpcre‚“)</strong></span> <span class='ocrx_word' id='word_1_202' title='bbox 1103 4191 1189 4246; x_wconf 87' lang='lat' dir='ltr'><strong>mex</strong></span> <span class='ocrx_word' id='word_1_203' title='bbox 1206 4161 1437 4268; x_wconf 82' lang='lat' dir='ltr'><strong>Stephanum</strong></span> <span class='ocrx_word' id='word_1_204' title='bbox 1444 4161 1524 4240; x_wconf 84' lang='lat' dir='ltr'><strong>the-</strong></span> 
     </span>
     <span class='ocr_line' id='line_1_31' title="bbox 413 4289 1525 4386; baseline -0.015 -2"><span class='ocrx_word' id='word_1_205' title='bbox 413 4303 623 4386; x_wconf 83' lang='lat' dir='ltr'><strong>naurarium</strong></span> <span class='ocrx_word' id='word_1_206' title='bbox 641 4301 712 4382; x_wconf 89' lang='lat' dir='ltr'><strong>suh</strong></span> <span class='ocrx_word' id='word_1_207' title='bbox 730 4295 899 4376; x_wconf 80' lang='lat' dir='ltr'><strong>custodia</strong></span> <span class='ocrx_word' id='word_1_208' title='bbox 915 4297 1220 4376; x_wconf 80' lang='lat' dir='ltr'><strong>obseruaueruut</strong></span> <span class='ocrx_word' id='word_1_209' title='bbox 1242 4291 1349 4370; x_wconf 81' lang='lat' dir='ltr'><strong>Etde</strong></span> <span class='ocrx_word' id='word_1_210' title='bbox 1366 4289 1525 4368; x_wconf 86' lang='lat' dir='ltr'><strong>dominia</strong></span> 
     </span>
    </p>
   </div>
   <div class='ocr_carea' id='block_1_5' title="bbox 448 4575 1093 4782">
    <p class='ocr_par' dir='ltr' id='par_1_7' title="bbox 448 4575 1093 4782">
     <span class='ocr_line' id='line_1_32' title="bbox 448 4575 701 4692; baseline -0.036 -6"><span class='ocrx_word' id='word_1_211' title='bbox 448 4575 474 4686; x_wconf 59' lang='lat'><strong>⁴⁸)</strong></span> <span class='ocrx_word' id='word_1_212' title='bbox 487 4621 566 4679; x_wconf 75' lang='lat' dir='ltr'><strong>Aean</strong></span> <span class='ocrx_word' id='word_1_213' title='bbox 582 4623 701 4692; x_wconf 61' lang='lat' dir='ltr'><strong>,Mdv</strong></span> 
     </span>
     <span class='ocr_line' id='line_1_33' title="bbox 451 4709 1093 4782; baseline -0.008 -10"><span class='ocrx_word' id='word_1_214' title='bbox 451 4713 488 4782; x_wconf 83' lang='lat'><strong>”)</strong></span> <span class='ocrx_word' id='word_1_215' title='bbox 500 4711 628 4772; x_wconf 76' lang='lat' dir='ltr'><strong>Kdeuhhi</strong></span> <span class='ocrx_word' id='word_1_216' title='bbox 641 4712 697 4774; x_wconf 78' lang='lat' dir='ltr'><strong>ida</strong></span> <span class='ocrx_word' id='word_1_217' title='bbox 708 4729 781 4774; x_wconf 82' lang='lat' dir='ltr'><strong>eren</strong></span> <span class='ocrx_word' id='word_1_218' title='bbox 792 4709 935 4772; x_wconf 66' lang='lat' dir='ltr'><strong>unvaha</strong></span> <span class='ocrx_word' id='word_1_219' title='bbox 945 4709 1093 4768; x_wconf 68' lang='lat' dir='ltr'><strong>mutua.</strong></span> 
     </span>
    </p>
   </div>
   <div class='ocr_carea' id='block_1_6' title="bbox 0 0 1663 5208">
    <p class='ocr_par' dir='ltr' id='par_1_8' title="bbox 0 0 1663 5208">
     <span class='ocr_line' id='line_1_34' title="bbox 0 0 1663 5208; baseline 0 0"><span class='ocrx_word' id='word_1_220' title='bbox 0 0 1663 5208; x_wconf 95' lang='lat' dir='ltr'><strong> </strong></span> 
     </span>
    </p>
   </div>
  </div>
 </body>
</html>
