3248 5210
1189 457 1241 538 63

140 655 253 752 „Bene
282 659 443 754 venisti,
472 659 628 738 recorda
657 660 802 737 domine
830 662 1027 761 episcope,
1057 658 1240 757 quomodo

137 785 345 862 baumactis
371 787 603 884 temporibus
640 786 745 862 Bude
772 788 1016 884 promiseerat
1041 785 1111 861 tibi
1138 784 1240 880 dare,

137 909 422 988 centuriauerat
441 912 532 988 mibi
552 912 711 990 ducenta
729 911 1110 990 marcasadmensam
1120 934 1240 986 meam

136 1035 339 1112 militariam
358 1046 395 1114 et
412 1040 627 1136 neglexisti.
659 1039 820 1139 Insuper
847 1040 993 1116 illicitis
1016 1039 1143 1116 verbis
1166 1038 1242 1114 tuis

136 1163 349 1262 vituperasti
371 1175 555 1264 tauquam
583 1169 778 1244 latronem.
809 1165 994 1266 Equidem
1020 1189 1090 1264 ego
1116 1172 1240 1265 prote

136 1297 168 1362 et
194 1315 261 1390 pro
299 1292 509 1392 horphenis
545 1301 583 1370 et
619 1293 742 1369 viduis
771 1299 809 1368 et
835 1300 990 1392 propter
1026 1292 1242 1368 innocentes

135 1427 254 1493 contra
273 1441 445 1518 paganos
472 1423 693 1518 sangninem
721 1443 843 1496 meum
861 1421 962 1516 fudi,
983 1426 1021 1494 et
1039 1441 1098 1495 me
1116 1419 1242 1514 ingra-

136 1553 204 1618 tum
222 1547 493 1624 ossumssitis.“
525 1547 701 1646 Precepit
720 1547 887 1624 subulcis
906 1547 1035 1622 diceus
1054 1546 1110 1622 sio
1126 1545 1244 1620 verba

138 1669 416 1767 Hungarioale:
448 1679 639 1771 „Korponti
674 1703 715 1749 eo
753 1673 919 1750 br·rtt'ei.“
971 1671 1062 1748 Mox
1099 1671 1243 1770 capien.

138 1798 345 1897 episcopum
372 1800 600 1899 predictum,
633 1807 670 1876 et
697 1800 746 1876 ed
771 1801 900 1898 palum
927 1806 1123 1876 traxerunt
1141 1797 1244 1896 pedi-
1299 1880 1306 1890 ,

138 1925 200 2002 bus
217 1947 344 2025 snpra.
376 1927 427 2003 Et
446 1927 598 2005 Petrum
627 1926 785 2002 Rawzdi
804 1926 1017 2002 admodum
1047 1925 1169 2001 crucis
1189 1923 1244 2000 ai-

138 2049 196 2146 igi
221 2061 466 2152 preceperat,
498 2063 536 2128 et
563 2055 660 2132 alios
688 2054 835 2132 nobiles
863 2075 947 2130 cum
975 2051 1170 2128 cruciferis
1198 2051 1246 2127 ad

138 2187 266 2254 terram
295 2187 486 2278 prostrare
514 2182 614 2279 cogit
641 2204 724 2258 cum
752 2182 897 2260 cladiis.
927 2180 1006 2258 Iste
1030 2177 1247 2279 Stephanus

140 2302 247 2381 butor
274 2303 319 2379 ue
348 2305 594 2384 Themeswar
632 2307 807 2386 officialis
843 2307 976 2383 iterum
1006 2329 1090 2383 cum
1119 2305 1246 2381 multis

141 2429 319 2508 nobilibus
338 2442 637 2530 congregaberunt
656 2435 837 2512 adversus
857 2432 1064 2531 Georgium
1081 2431 1246 2510 Siculum

142 2565 300 2651 gentem:
326 2560 427 2656 quod
444 2563 601 2664 audiens
622 2560 814 2660 Georgius
833 2561 983 2639 Siculus
1003 2562 1118 2638 mouit
1138 2583 1245 2636 exer-

26 2717 27 2734 *
145 2685 243 2761 citum
271 2709 380 2763 sunm
408 2695 562 2787 repente
592 2688 837 2765 cruciferosu
865 2687 1068 2784 Noghlak,
1098 2695 1135 2760 et
1163 2709 1245 2762 eum

26 2909 27 2916 Ν
146 2813 192 2888 cie
208 2821 288 2891 crat
305 2837 400 2911 gens
417 2813 608 2892 Trebiano
637 2817 756 2912 major
783 2838 883 2913 pars.
904 2812 1072 2911 Cumque
1090 2797 1245 2888 intnien.

146 2941 410 3036 crucigerorum
429 2943 591 3037 agmina,
612 2965 679 3040 pre
698 2941 830 3016 timore
849 2939 1031 3016 dederunt
1049 2941 1189 3036 fugam,
1209 2946 1247 3014 et

146 3071 384 3165 sequebantur
402 3089 468 3144 eoe
487 3073 641 3166 repente
661 3089 779 3163 vsque
798 3065 847 3141 ad
864 3065 1053 3141 ciuitatem
1063 3063 1245 3142 Themes-

146 3219 224 3270 uer.
254 3195 305 3270 Et
331 3217 444 3293 super
472 3217 538 3270 eos
566 3193 711 3270 obsedit
747 3215 871 3270 arcem
906 3191 1172 3288 Tbemeswer,
1202 3215 1246 3268 ee

147 3323 288 3400 reclusit
316 3344 382 3397 eos
401 3321 497 3396 etin
516 3320 661 3396 duabus
689 3320 879 3396 mensibus
909 3330 945 3394 in
974 3329 1069 3418 ferto
1091 3325 1128 3394 S.
1149 3323 1246 3396 Lon-

148 3460 247 3524 rrrtir'
267 3459 540 3546 euprepnonerct
558 3470 681 3524 arcem
699 3446 903 3546 predictam
926 3473 1033 3543 coque
1052 3452 1099 3520 uri
1118 3455 1247 3544 scotum

148 3582 177 3648 S.
195 3579 381 3650 itietoeb'r
400 3577 626 3668 arebonpeb‘r
645 3570 691 3674 *).
721 3571 854 3670 Itaque
868 3574 947 3670 jam
966 3593 1039 3646 uon
1059 3569 1247 3647 hebebant

147 3699 271 3776 victum
300 3703 339 3774 et
367 3698 524 3795 equinas
559 3721 694 3776 earnes
727 3703 807 3797 jam
839 3698 1012 3775 solebant
1039 3695 1245 3771 comedere.

147 3823 304 3904 Joaunes
324 3824 473 3922 quidem
502 3824 743 3924 Sepnsiensis
771 3823 917 3901 waioda
936 3821 1246 3900 Transiluanieu-

26 4017 27 4060 r
147 3953 193 4030 rie
210 3955 262 4030 nil
282 3954 456 4048 curabat,
486 3961 524 4028 et
542 3949 755 4052 Stephanus
785 3953 901 4028 Bator
929 3950 974 4024 de
1003 3948 1248 4024 Themeswer

149 4101 219 4156 tum
236 4081 317 4158 suis
334 4079 525 4156 nobilibus
543 4086 581 4154 et
603 4079 832 4176 ignobilibus
850 4078 1081 4177 suplicabat,
1101 4099 1146 4150 ec
1165 4097 1247 4151 cum

26 4217 27 4292 ζ
141 4211 206 4304 'ope
223 4231 362 4304 magna
381 4229 463 4283 eum
482 4229 608 4283 amore
637 4205 710 4280 Dei
741 4203 1004 4304 omnipotentis
1027 4209 1066 4276 et
1083 4199 1247 4299 ejusdem

26 4383 27 4410 r
150 4333 342 4428 genitricis,
363 4339 456 4433 quod
473 4337 514 4408 te
533 4329 589 4432 **)
609 4331 787 4410 liberaret
806 4354 888 4408 cum
906 4329 987 4408 suis
1004 4327 1184 4428 predictis
1203 4328 1247 4404 de

181 4643 203 4708 ⁸)
221 4641 296 4699 Ereu
315 4641 425 4700 rursk
442 4655 477 4696 ce
495 4637 604 4695 eredeti
622 4637 764 4694 eodexbeu
777 4634 806 4692 ki
825 4633 940 4694 vunai
959 4631 1079 4690 tenuive.

178 4733 209 4798 ⁹¹)
226 4730 288 4790 uta
306 4731 362 4790 ker
380 4730 451 4789 siml
467 4727 583 4804 jarites
603 4729 680 4793 ,ΝΗ
