3248 5210
383 446 437 526 94

382 649 468 724 laus
494 646 684 748 predictus
712 645 983 742 cancellarius,
1013 648 1103 724 feeit
1121 655 1159 723 et
1177 648 1260 748 ipse
1273 647 1408 745 jubere
1427 669 1497 722 an·

384 773 469 850 linis
496 773 594 867 suis,
624 781 664 850 vt
692 797 739 850 ne
757 774 1001 873 permiterent
1027 776 1127 852 sieut
1153 776 1267 851 talem
1296 772 1501 850 infidelem.

385 901 437 976 Et
454 900 601 976 dixerat
620 899 790 978 Joannes
809 901 1003 980 vaiuodar
1028 901 1135 999 „Neo
1155 925 1201 976 ve
1220 900 1349 996 uobis,
1369 901 1503 976 statim

344 1050 348 1062 ¹
386 1027 511 1103 veniet
537 1035 614 1102 tarn
642 1028 722 1104 dies
751 1027 978 1124 horrendus,
1007 1029 1106 1126 quod
1132 1029 1300 1128 placeret
1326 1028 1436 1104 vobis
1466 1027 1503 1102 si

384 1156 541 1252 triginta
559 1155 652 1232 duos
671 1153 881 1258 Januum*)
902 1157 1099 1232 vaiuodam
1115 1157 1318 1252 haberetis,
1339 1155 1503 1234 sednon

386 1281 608 1358 habebitis.“
632 1281 684 1356 Et
701 1305 775 1358 non
794 1283 1006 1360 habuerunt
1023 1283 1072 1359 ad
1090 1282 1360 1359 defendendum
1375 1303 1504 1356 areern

387 1407 711 1484 Nandor-Albam.
740 1409 792 1484 Et
809 1407 894 1484 inde
914 1408 1128 1508 Stephanus
1157 1409 1273 1485 Bator
1299 1408 1417 1484 fertur
1444 1406 1503 1480 di-

388 1536 509 1632 xisse,
539 1535 637 1633 quod
674 1535 883 1614 'Parcarum
921 1535 1062 1616 Cessat
1095 1539 1249 1613 multum
1279 1536 1505 1612 thesaurum

388 1663 461 1740 sibi
481 1662 706 1740 destinasset
732 1686 846 1762 super
864 1671 1007 1764 septem
1032 1665 1202 1742 eamellis
1220 1663 1308 1762 quid
1326 1663 1416 1761 qnid
1436 1684 1505 1758 po-

388 1798 540 1869 tuerunt
567 1798 730 1890 portare.
761 1791 835 1869 Hie
854 1793 990 1872 dubius
1008 1817 1110 1892 sum,
1139 1801 1303 1870 attamen
1326 1793 1428 1868 fama
1446 1792 1507 1868 sie

391 1919 545 2014 vigebat
571 1919 668 1996 inter
705 1921 848 2016 ulgus,
880 1928 918 1996 et
944 1945 1132 2019 nunquam
1160 1922 1259 1996 vltra
1286 1919 1506 1996 Danubium

389 2045 456 2120 flui
485 2046 612 2142 nequit
640 2048 826 2144 remigare
864 2056 994 2125 eontra
1021 2049 1179 2126 Tureas.
1216 2048 1393 2124 Attamen
1421 2047 1506 2144 ipse

390 2195 472 2248 eum
491 2173 631 2272 optima
655 2181 766 2270 gente
794 2175 983 2252 militariis
1008 2182 1109 2270 erat,
1139 2183 1177 2251 et
1205 2175 1352 2252 dieebat
1370 2182 1408 2250 et
1425 2175 1506 2250 ela·

391 2300 543 2374 mabant
569 2299 672 2376 sibi:
695 2300 919 2398 „Magnifice
945 2302 1093 2378 domine
1120 2302 1288 2398 domine,
1318 2324 1448 2378 eamus
1467 2307 1509 2374 et

392 2445 584 2502 curramus
603 2424 651 2500 ed
670 2424 891 2522 Balimbek‚
919 2451 1118 2526 possumus
1146 2430 1269 2528 ipsum
1288 2450 1508 2526 expugnare

391 2551 592 2648 leuius3'et
619 2551 653 2628 si
681 2551 803 2651 ipsum
831 2553 914 2632 Deo
943 2555 1143 2632 adiuuante
1172 2577 1390 2654 possumus,
1419 2577 1507 2629 mex

393 2677 513 2756 Cesar
532 2679 741 2758 Turearum
769 2682 842 2758 erit
858 2685 1081 2782 perterritus
1100 2691 1138 2761 et
1155 2687 1225 2762 sub
1244 2685 1289 2760 de
1308 2707 1394 2759 aree
1418 2706 1508 2781 pas·

392 2830 474 2883 sum
494 2807 658 2887 habebit.
688 2809 820 2887 Eeiam
835 2814 953 2910 janua
972 2814 1093 2890 tonius
1121 2811 1421 2890 Christianitatis
1440 2812 1507 2886 ab·

393 2937 582 3013 sonetur.“
605 2937 657 3012 Et
665 2958 853 3036 nunquam
870 2938 998 3018 debuit
1016 2940 1093 3038 ire;
1113 2948 1149 3015 et
1167 2941 1242 3017 istu
1259 2939 1360 3014 fama
1378 2945 1511 3014 eontra

394 3085 478 3139 eum
505 3062 659 3158 vigebat
686 3070 724 3138 et
750 3065 868 3142 multa
895 3067 997 3142 mala
1024 3067 1059 3141 ei
1085 3065 1278 3163 dicebant,
1316 3063 1426 3140 haud
1454 3063 1511 3138 nil

395 3190 562 3268 curabat.

502 3313 594 3392 Inde
612 3315 761 3413 quidem
779 3318 946 3396 latrones
965 3319 1165 3398 eoriuando
1185 3319 1385 3398 dicebant:
1410 3315 1510 3414 „Oa-

397 3442 457 3518 nis
476 3442 623 3538 eredat,
653 3450 695 3519 vt
712 3445 927 3544 reciperent
951 3446 1285 3544 Nurum-Albam,
1305 3447 1410 3523 nanis
1429 3469 1511 3522 ere·

397 3571 497 3646 dat.“
528 3570 579 3644 Et
597 3569 747 3666 Regina
765 3572 890 3650 Maria
917 3575 1044 3654 statim
1072 3575 1224 3674 seripsit
1246 3583 1332 3676 pest
1351 3573 1513 3652 Germa-

397 3721 466 3776 nos
484 3696 731 3774 adalmaeiam
750 3697 818 3803 **).
837 3699 1031 3780 Venerunt
1048 3701 1112 3780 isti
1130 3701 1359 3778 lanehkenet
1377 3696 1453 3801 ***)
1474 3699 1513 3774 iu

399 3825 646 3918 remehone,
666 3832 831 3902 attamen
849 3826 954 3904 tarde
973 3835 1066 3904 erat.
1088 3827 1139 3902 Et
1156 3817 1364 3926 sepiissime
1385 3827 1514 3902 venie·

398 3953 490 4030 bant
508 3955 767 4054 exploratores
785 3954 834 4031 ad
852 3955 997 4053 Regem
1015 3955 1264 4052 Irudouienm,
1289 3963 1330 4031 vt
1346 3963 1516 4030 moueret

399 4103 441 4156 se
460 4102 542 4156 eum
559 4089 683 4158 turma
700 4104 771 4160 sua
794 4081 843 4159 ad
860 4083 1130 4162 defendendum
1148 4107 1271 4162 areem
1289 4082 1516 4182 predictam

401 4229 512 4304 quum
540 4209 574 4286 si
602 4219 754 4310 arrepta
788 4211 902 4290 fuerit
929 4237 999 4290 arx
1032 4212 1405 4306 mandor-Aliensis,
1434 4217 1518 4286 tota

438 4479 461 4544 ‘t
480 4475 543 4532 Mt·
562 4474 616 4534 kin
635 4475 707 4534 elmi
722 4474 837 4549 jarites
856 4477 1041 4540 „ioannem”

421 4569 458 4634 ”J
477 4567 557 4622 uzu
578 4568 630 4638 „nd
648 4561 877 4640 Alamannieum*
902 4567 1165 4643 Nemetorszigb23
1196 4573 1269 4624 urent
1289 4567 1516 4634 „Delmatiirtv

404 4672 466 4711 nem
485 4655 563 4712 lebet
581 4659 617 4712 itt
635 4660 693 4712 nst.
838 4695 840 4702 .

316 4769 321 4779 ¹
416 4751 465 4816 ⁸⁶⁰)
484 4749 564 4806 Am
585 4747 813 4816 „Lannknecht‘
