3294 5208
1192 463 1237 538 11

144 658 333 756 Hungarie.
355 657 450 734 Inde
467 659 616 754 quidem
635 681 716 734 cnm
736 680 871 753 magno
884 659 1052 734 exercitu
1072 659 1241 736 Michael

143 787 254 882 Zilagi
269 787 464 862 avonculus
497 804 586 862 1011
613 792 701 882 post
727 786 851 882 ipsum
870 787 1015 885 equitat
1033 787 1081 862 ad
1100 786 1239 882 Praga.

143 911 223 986 lndc
246 911 367 987 eciam
394 911 478 986 Rex
515 909 764 986 Bohemomm
792 935 874 987 cum
900 936 1036 1008 magno
1073 913 1242 1010 suscepit

141 1041 336 1134 nanctium,
358 1039 536 1114 videlicet
564 1038 789 1114 Michaelem
818 1039 957 1136 Zilagi.
989 1039 1241 1130 Quamobrem

30 1237 31 1260 p
142 1169 204 1240 iarn
237 1167 417 1242 ancillam
453 1189 559 1242 suam
597 1167 774 1263 copulare
803 1167 945 1242 fecerat
972 1187 1054 1240 oum
1093 1164 1241 1239 Mathia

140 1291 330 1391 Weidall'rj.
358 1293 444 1368 Rex
462 1289 536 1368 sibi
555 1313 691 1366 nouum
709 1292 887 1386 gaudium
905 1291 1122 1389 predicebat
1140 1291 1188 1387 ei,
1201 1298 1242 1366 vt

141 1419 211 1514 ipse
227 1425 265 1493 to
284 1419 361 1494 eris
380 1419 464 1494 Rex
484 1445 493 1491 ε
514 1417 604 1492 Mox
623 1417 778 1492 sumssit
794 1437 1012 1512 germanum
1031 1439 1137 1492 suum
1156 1417 1239 1492 Ma·

140 1543 244 1620 thiam
270 1545 490 1640 waidaffrj,
521 1550 558 1618 et
597 1544 703 1617 duxit
731 1543 779 1617 ad
805 1543 961 1618 Bndam.
991 1543 1044 1618 Et
1070 1544 1240 1619 lecerunt

30 1741 31 1744 ,
140 1670 245 1745 eciam
262 1671 600 1766 congregacionem
628 1670 819 1766 palatinos
848 1693 931 1744 cum
959 1669 1150 1744 Michaelc
1176 1669 1240 1744 Zi-

141 1797 219 1894 lagi,
240 1807 276 1874 et
295 1804 569 1908 coronarenrnt
588 1796 773 1871 Mathiam
790 1795 973 1893 Waidaffj
1003 1819 1086 1871 oum
1105 1819 1242 1891 magna

30 1935 31 1984 l
140 1927 351 2001 solennitate
370 1925 411 1999 in
430 1924 491 1999 die
508 1924 730 1998 natiwitatis
750 1923 916 2018 Domini,
937 1929 974 1999 et
993 1921 1239 1998 Gothorinam

30 2095 31 2166 3
140 2052 177 2126 de
193 2053 316 2148 Praga
343 2051 521 2126 ancillam
540 2050 660 2145 Regis
680 2050 873 2126 Bohemie.
904 2051 956 2124 Et
983 2051 1106 2147 ipsam
1135 2073 1241 2126 coro-

140 2185 306 2254 nareront
326 2179 481 2253 infesto
501 2177 622 2251 sancti
642 2174 803 2273 Georgii
821 2177 998 2252 martiris.

232 2304 284 2378 Et
299 2305 340 2379 in
358 2303 491 2401 primis
518 2301 641 2378 walde
670 2310 751 2378 erat
780 2324 924 2400 pauper
951 2303 1027 2378 iam
1055 2301 1139 2377 Rex
1158 2300 1240 2376 Ma-

30 2431 31 2464 ³
139 2429 238 2524 ilias,
259 2453 333 2506 non
350 2431 517 2507 habebat
546 2453 713 2506 mensem
742 2430 887 2524 regiam
915 2451 1021 2504 snam
1050 2428 1239 2526 opulente.

143 2555 222 2632 Erat
251 2558 594 2653 consanguineosne
622 2579 718 2632 vnus
755 2579 912 2652 magnus
941 2555 1146 2652 Hungarus
1173 2575 1240 2627 no-

143 2684 228 2760 mine
246 2685 382 2760 Petrus
400 2684 495 2760 Zobi
515 2683 560 2758 de
579 2690 698 2758 matre
717 2705 797 2778 sna,
808 2683 898 2780 qnia
916 2689 1036 2757 mater
1055 2679 1240 2775 suaquid-

143 2810 218 2904 quid
234 2809 398 2886 habebat
415 2809 680 2884 thezaurorum
702 2831 830 2884 omnes
850 2807 899 2881 ad
917 2829 1048 2880 manus
1068 2803 1239 2878 Michae-

142 2933 181 3010 lis
197 2937 320 3031 Zilagi
339 2942 577 3012 concesserat
603 2941 758 3036 propter
785 2935 902 3010 filium
931 2954 1037 3010 suum
1056 2929 1241 3006 Mathiam

144 3059 319 3160 Weidadj.
340 3063 393 3138 Et
410 3069 529 3138 mater
546 3086 622 3137 non
640 3061 806 3138 habebat
834 3060 931 3134 vnde
959 3059 1141 3134 adiceret.
1163 3054 1242 3130 Iste

30 3183 31 3240 ἓ
143 3187 263 3265 Petrus
300 3191 491 3287 predictus
519 3190 645 3264 statim
674 3188 855 3264 dedomo
885 3211 954 3264 sua
983 3185 1167 3282 equitauit
1194 3183 1242 3258 ad

145 3313 293 3412 lindam,
312 3317 411 3392 vidit
439 3315 625 3397 Mathiam
644 3315 788 3412 Regem
817 3316 856 3389 in
883 3319 1117 3411 paupertate,
1137 3310 1242 3386 illico

143 3449 267 3518 mestus
294 3442 365 3517 fuit
392 3464 505 3538 super
533 3463 617 3516 eum
639 3415 683 3516 ct
710 3439 807 3513 dixit
833 3439 882 3513 ad
910 3439 1084 3533 Regem:
1119 3434 1244 3532 „Quid

144 3567 214 3662 ogis
231 3568 329 3644 Rex.
349 3567 485 3642 Nonne
505 3567 605 3642 omni
635 3567 696 3642 die
723 3565 864 3662 pagani
884 3564 1001 3640 Turoi
1021 3564 1242 3662 equitabunt

145 3693 176 3766 in
191 3695 396 3770 confinibus
414 3692 542 3788 Regni
560 3693 627 3788 toi,
640 3692 856 3790 prouincias
875 3713 921 3764 ac
939 3691 1112 3766 ciuitates
1131 3690 1242 3765 obru-

144 3827 198 3892 unt
214 3843 292 3894 cnm
311 3821 400 3914 igne
419 3825 557 3894 etcum
585 3842 691 3894 arma
709 3819 859 3912 bellica,
879 3824 920 3891 tu
949 3839 1083 3913 nempe
1101 3817 1243 3891 nullam

145 3966 255 4021 coram
272 3947 420 4042 gessis3
453 3947 519 4022 vbi
546 3953 605 4022 est
632 3969 724 4041 ergo
753 3945 846 4021 fides
865 3952 941 4040 tua,
961 3944 1060 4040 qaod
1078 3963 1241 4040 spopon-

146 4069 221 4146 disti
241 4075 361 4148 tocins
380 4071 506 4168 Regni
525 4070 723 4167 Hungarie
741 4070 1051 4148 vtdefenderes.“
1074 4065 1244 4142 Audiens

147 4193 204 4272 hec
221 4204 335 4278 rerba
354 4201 462 4277 Petri
489 4201 671 4298 predicti,
701 4200 804 4297 cepit
831 4197 922 4274 flere
949 4197 1036 4274 Rex
1063 4190 1242 4268 Mathias.

147 4321 255 4402 Tanto
272 4329 408 4403 melius
426 4327 603 4403 1111111111
622 4333 813 4423 estsuper
832 4349 926 4418 eum,
940 4323 1034 4400 dixit
1053 4319 1089 4394 ei
1108 4319 1243 4392 iterum

147 4447 265 4529 Petrus
288 4454 412 4528 Zobi:
445 4453 612 4550 „Desine
639 4451 791 4546 afleta,
820 4448 1033 4548 prouidebit
1058 4452 1097 4520 11
1124 4445 1241 4520 Deos.

149 4572 369 4654 Solnmmodo
388 4581 506 4656 verba
533 4602 616 4654 mea
643 4577 829 4676 suscipias
857 4585 895 4652 et
914 4573 1111 4650 consilium
1148 4571 1242 4646 doti-

149 4699 300 4800 111111,
321 4707 448 4780 statim
466 4705 586 4780 facias
606 4704 942 4800 congregacionem
953 4723 1126 4795 magnam
1146 4699 1243 4772 inter
