3238 5228
1126 429 1202 510 267

116 635 236 710 orcibus
252 634 345 730 suis,
365 634 533 731 exceptis
552 634 698 709 duabus
717 629 817 708 areis
837 627 1148 708 mandor-Albam
1168 641 1205 704 et

115 757 247 838 lobach.
278 761 330 836 Et
347 761 503 859 insuper
520 759 729 836 adhucdum
753 779 825 852 ego
843 757 931 832 vivo
951 757 991 832 in
1008 755 1108 834 hunc
1127 781 1203 836 mo-

21 899 22 984 l
112 885 177 962 dnm
193 887 389 966 defendere
408 888 494 963 volo
514 889 562 964 ab
573 885 742 964 inimicis
759 883 836 959 tuis
855 881 1095 980 aduersariis,
1115 883 1200 962 dum

21 1039 22 1050 ¹
112 1037 167 1090 vna
182 1015 322 1092 framea
342 1014 547 1091 continebit
556 1014 595 1088 iu
605 1013 776 1090 manibus
795 1009 1006 1087 ancmmn
1025 1012 1065 1086 in
1082 1015 1203 1110 genti-

111 1144 280 1220 busmcis.
302 1143 473 1240 Ergone
501 1139 794 1240 premediteris.“
828 1131 910 1214 Hoc
937 1141 1054 1217 verba
1077 1141 1156 1237 Jam
1183 1164 1204 1216 e

21 1263 22 1266 ‘
112 1291 269 1346 mnnerso
299 1269 399 1365 Regi
418 1269 445 1346 J
447 1268 578 1344 oannis
606 1265 811 1362 Hungarus
839 1263 988 1342 Tuscus
1014 1265 1205 1364 predictus

112 1393 145 1468 de
159 1401 287 1493 puncto
308 1394 358 1470 ad
375 1399 552 1492 punctum
579 1392 760 1468 reserauit
785 1391 973 1466 declaran.
994 1450 1000 1465 .
1024 1391 1076 1466 Et
1093 1393 1205 1470 istum

113 1519 363 1598 adolescentem
390 1521 575 1599 duxerunt
598 1521 677 1616 jam
695 1517 850 1595 Cesaris
874 1517 1083 1596 ancarnm
1102 1521 1204 1598 eubi-

113 1649 220 1726 cularii
256 1672 339 1725 cum
378 1649 592 1726 muneribus
619 1647 668 1722 ad
696 1653 879 1724 secretum
911 1647 1035 1723 locum
1062 1647 1102 1724 in
1128 1648 1205 1725 alio

112 1777 263 1872 tentorio,
285 1783 323 1852 et
341 1776 393 1853 ibi
412 1776 613 1854 derelictus
640 1783 707 1851 est.
731 1775 781 1850 Et
798 1779 924 1849 tamen
943 1772 1063 1852 Cesar
1081 1777 1207 1876 capnit'

113 1901 255 1981 bmanu
282 1925 353 1981 sua
380 1901 525 2000 Regem
543 1903 741 1994 Joanncm,
762 1909 799 1977 et
817 1900 922 1976 duxit
943 1903 992 1977 ad
1007 1905 1206 1982 tentorium

114 2049 206 2106 onan.
234 2029 336 2108 Vere
364 2029 535 2106 mirabile
564 2035 645 2104 erat
673 2027 783 2104 nimis
810 2029 943 2126 pulcra
962 2037 999 2104 et
1018 2030 1207 2129 lapidibus

21 2251 22 2256 Ν
117 2156 274 2250 preciosis
293 2155 474 2250 barnaba3
494 2155 562 2233 sed
590 2155 708 2232 solius
736 2154 856 2253 ipsius
885 2155 1029 2230 eratin
1057 2157 1206 2257 ceptulo

114 2281 295 2376 preciosior
315 2289 353 2356 et
371 2282 508 2360 clarior
536 2305 619 2358 cnm
647 2282 805 2378 gemmis
832 2281 1021 2381 lapidibus
1048 2304 1132 2360 cum
1151 2284 1205 2360 la·

113 2403 328 2486 mamantis
357 2408 529 2486 hornata.
560 2409 611 2482 Et
640 2408 723 2486 Rex
752 2407 922 2485 Joannes
941 2410 1122 2508 aspicien.
1150 2411 1206 2486 in·

115 2533 191 2632 oepit
216 2533 395 2612 admiren.
425 2536 582 2629 intueri,
612 2543 650 2609 et
667 2535 898 2634 papilionem
917 2558 1022 2612 suam
1042 2533 1205 2634 Cesaris,

115 2660 184 2754 quia
199 2659 385 2739 Joannem
404 2661 548 2758 Regem
567 2659 679 2762 valde
699 2661 909 2739 delectabat
927 2663 1091 2740 animum
1100 2686 1207 2741 suum

114 2775 145 2832 ²⁵·
163 2801 186 2838 l
213 2789 310 2865 tales
327 2789 475 2888 lapides
503 2789 694 2887 preciosis.
726 2789 776 2863 Et
795 2787 914 2866 Cesar
930 2789 1020 2865 fecit
1038 2799 1205 2890 reporta·

113 2933 143 2986 ro
176 2913 304 2993 donum
343 2937 450 2992 snum
478 2937 560 2990 cnm
588 2916 666 2992 suis
699 2915 959 3012 cubiculariis,
979 2917 1057 2992 'tm
1096 2917 1207 2994 islam

112 3052 220 3138 cosso,
240 3043 448 3139 Vngariter
466 3043 522 3118 sic
541 3043 749 3142 apellatur,
780 3067 853 3120 nou
872 3067 913 3120 se
933 3044 1136 3122 icresoen..
1158 3045 1209 3120 Et

112 3166 192 3261 oepit
209 3167 387 3244 mmmari
405 3168 525 3244 eciam
543 3169 583 3243 iu
602 3168 793 3267 lapidibus
813 3189 925 3244 vnum
944 3169 1043 3246 iuter
1062 3169 1206 3269 precio·

111 3287 153 3366 sis
168 3291 352 3393 lapidibus
371 3291 502 3404 Cesar,
522 3316 594 3391 que
610 3295 799 3371 obtulerat
807 3293 890 3370 Rex
901 3293 1023 3371 Janus
1042 3295 1082 3370 in
1100 3293 1207 3374 domo

110 3416 178 3496 ubi.
207 3421 380 3518 ,Amica
401 3420 548 3497 dicebat
566 3419 685 3497 Cesar
704 3420 812 3518 Regi,
834 3420 937 3498 vides
956 3421 1104 3520 lapides
1122 3446 1205 3523 pre·

111 3544 218 3625 oiosas
235 3571 352 3643 meas,
372 3549 444 3624 iste
464 3548 610 3646 quidem
631 3549 730 3646 lapis
749 3555 882 3623 cuncta
900 3548 1073 3646 precellit
1092 3570 1205 3648 meos,

110 3690 201 3766 quem
226 3673 391 3773 lapidem
410 3697 433 3750 a
453 3675 579 3751 multis
608 3676 724 3751 annis·
746 3675 1003 3751 desiderabam
1024 3675 1152 3754 videre
1171 3685 1209 3752 et

112 3797 186 3890 quid
210 3800 394 3897 laceram,
424 3802 491 3878 sed
513 3802 693 3879 hactenus
721 3825 795 3908 non
822 3791 927 3900 potui
956 3801 1101 3898 videre,
1136 3825 1208 3900 qne

111 3941 191 4000 nuno
207 3927 297 4004 mihi
315 3927 515 4027 protulisti,
536 3929 653 4004 amice
673 3929 734 4025 mi,
747 3936 807 4006 stu
823 3929 979 4005 donum:
1000 3927 1207 4029 ubicunqne

112 4053 246 4143 bonuti
264 4055 432 4154 reperire
462 4055 558 4131 banc
586 4054 799 4156 lapidem?“
823 4055 931 4133 Dixit
958 4055 1040 4132 Rex
1060 4084 1069 4130 ε
1093 4055 1209 4153 ,Post

112 4180 1207 4283 norlemRegisMathie,quamobremluitpatermeusthau·

111 4306 221 4386 mrius
230 4309 351 4409 ipsius
360 4308 480 4408 Regis
499 4308 654 4408 Mathis,
676 4311 774 4411 apud
785 4333 868 4387 eum
879 4311 1077 4392 derelictus
1087 4317 1203 4390 eral.“

21 4447 23 4484 ¹
110 4429 165 4506 lit
178 4431 294 4516 Cesar
314 4463 323 4510 r
348 4433 561 4535 ,Quantum
580 4437 680 4538 apud
698 4461 768 4515 vos
786 4439 954 4537 precium
982 4459 1089 4515 suum
1106 4437 1207 4538 lapis

21 4661 22 4666 Ν
112 4552 171 4632 iae
195 4559 414 4660 accuratu
445 4561 510 4638 Ait
529 4561 611 4638 Rex
632 4592 640 4638 :
665 4562 970 4661 ,Quinquaginta
989 4561 1093 4638 milia
1110 4583 1209 4644 mar·

115 4677 196 4761 laos
211 4687 380 4786 designet
397 4689 497 4786 apud
516 4693 619 4766 nos.“
635 4691 745 4788 Apud
756 4715 824 4766 nos
835 4691 982 4790 quidem
992 4691 1080 4798 plna
1097 4709 1207 4788 quam

159 4819 243 4869 loros.
260 4829 332 4870 acro.
350 4831 366 4872 ι.
1000 4795 1046 4876 ll
