3226 5220
399 448 475 532 182

382 705 387 720 .
506 651 581 746 Qui
600 659 708 730 erant
724 675 815 752 pars
834 648 1099 748 Hungaro'rom
1117 651 1267 728 nomine
1289 651 1518 731 Valentinus

399 757 557 860 Therek
576 769 613 856 'et
631 781 766 857 Petrus
795 779 901 856 Prini
932 786 969 854 et
997 779 1064 854 alii
1091 779 1199 854 multi
1231 777 1405 877 Hungari
1432 801 1516 857 cum

401 906 605 988 Germanis
623 905 856 984 adherebant
873 905 990 1002 fatui,
1019 907 1108 1002 quia
1126 925 1337 983 sucrescen.
1356 906 1437 983 sine
1454 932 1518 986 ra-

403 1039 508 1115 cione
536 1035 725 1132 latrones,
764 1034 862 1132 quod
898 1031 1019 1111 Cesar
1056 1031 1266 1111 'Puroarnm
1293 1037 1374 1132 jam
1399 1042 1519 1112 totam
1574 1133 1577 1140 Ι

403 1159 639 1259 Hungariam
657 1170 868 1256 pertonaret
886 1155 922 1261 *)
941 1167 979 1234 et
997 1165 1311 1258 perserutuuerat.
1335 1159 1417 1261 Ipsi
1436 1163 1520 1238 ami·

402 1291 555 1367 mabant
582 1285 807 1383 Hungaros,
837 1283 937 1382 quod
964 1287 1096 1363 volunt
1123 1295 1161 1362 et
1187 1289 1345 1388 possunt
1370 1285 1523 1366 'turcas

405 1419 505 1494 vltra
522 1437 625 1492 mare
645 1435 883 1513 expugnare,
908 1421 946 1489 et
963 1435 1033 1492 nos
1050 1435 1178 1492 sumus
1205 1415 1432 1493 sanctissimi
1451 1417 1522 1491 mi-

402 1546 510 1639 lites,
540 1549 577 1618 et
603 1539 808 1637 Hongaros
836 1539 1076 1618 seducebant.
1115 1543 1224 1621 Vnus
1249 1544 1376 1621 iatuns
1403 1541 1523 1620 alium

402 1673 545 1748 fatuum
564 1669 870 1764 convalescebat,
897 1675 934 1744 et
952 1669 1171 1746 nesciebant
1188 1667 1332 1764 adhue,
1361 1668 1454 1770 qnid
1471 1670 1524 1746 sit

404 1797 564 1875 Turous.

486 1923 609 2016 Quum
627 1923 835 2000 sensissent
852 1919 996 1998 Lucam
1013 1922 1174 2000 Mariam
1189 1923 1386 2002 subitanea
1402 1933 1527 2002 morte

406 2072 533 2130 casum
552 2049 721 2145 dedisse,
741 2056 973 2127 tremuerunt
990 2049 1119 2149 partes
1138 2049 1299 2128 Joannis
1317 2049 1458 2150 Regis;
1486 2061 1528 2127 et

407 2199 543 2278 corpus
571 2177 641 2254 sob
668 2174 861 2278 ten(torio)
889 2175 1126 2254 belliduetori
1160 2174 1334 2253 Alemani
1369 2177 1527 2254 Nicolai

409 2303 615 2383 Grozbanz
637 2305 799 2401 jacebat.
829 2302 881 2380 Et
907 2302 1034 2380 nullus
1061 2303 1244 2381 bellasset
1271 2309 1401 2381 contra
1424 2301 1527 2382 Ger·

407 2455 537 2508 manos
556 2429 788 2506 solummodo
808 2427 954 2530 pedites
972 2429 1124 2507 bubulci
1142 2429 1281 2507 domini
1300 2427 1452 2532 Oybak.
1471 2429 1530 2505 Et

408 2559 511 2634 venit
539 2557 641 2633 acies
673 2563 781 2632 nocte
818 2575 966 2633 rursum
995 2553 1042 2630 ad
1070 2553 1237 2655 TbokaJ.
1265 2555 1347 2634 Nos
1374 2556 1530 2654 quidem

409 2686 683 2763 dormiebamus
711 2685 750 2759 in
778 2705 852 2758 vno
880 2683 977 2759 lecto
1006 2703 1088 2758 oum
1125 2683 1288 2783 plebano
1314 2691 1414 2780 tres3
1438 2703 1529 2782 ego,

410 2811 643 2912 Stephanus,
675 2811 845 2890 Joannes
878 2811 1063 2908 plebanus
1102 2816 1347 2888 contemnens
1382 2817 1530 2908 nostro,

410 2939 564 3036 quiade
583 2939 843 3014 Zalankemen
862 2935 1120 3012 eratnacione.
1141 2936 1193 3011 Et
1203 2935 1377 3014 dixerunt
1393 2943 1530 3015 nocter

416 3063 601 3162 ,Surgita
623 3067 711 3163 quia
729 3064 898 3164 percussi
917 3061 1301 3162 suntperGermanos
1310 3063 1528 3162 Hunguri.“

731 3341 1063 3476 (orandorum
1091 3345 1214 3477 nm.)

520 3589 669 3666 Extunc
687 3611 800 3688 quum
819 3591 1013 3669 audissent
1032 3591 1229 3692 'optimates
1247 3589 1534 3690 Hungarornm,

413 3715 511 3818 qnod
538 3715 699 3794 luissent
727 3705 847 3794 delusi
874 3741 944 3818 per
972 3715 1204 3812 Germanos,
1233 3741 1319 3796 mox
1345 3719 1537 3797 intereos

414 3843 711 3921 conuenticnlam
730 3845 914 3942 iecerunt,
935 3853 1067 3946 vtputa
1086 3845 1284 3925 Emericus
1302 3844 1440 3942 Oibak,
1460 3845 1533 3924 Jo-

415 3993 533 4048 annes
551 3969 667 4068 Doci,
698 3969 907 4070 Gregorius
931 3973 1132 4074 Pestieny,
1162 3975 1360 4074 episcopus
1387 3971 1535 4076 Simon,

416 4095 642 4207 Francisous
671 4097 823 4194 Bebek,
853 4105 894 4174 vt
921 4109 1098 4200 caperent
1125 4099 1311 4180 Joannem
1329 4099 1474 4198 Regem
1494 4109 1539 4178 et

417 4219 595 4301 ducerent
621 4229 824 4302 retrorsum
852 4225 901 4303 ad
927 4227 1072 4306 Budam
1100 4229 1200 4307 oiroa
1227 4225 1537 4326 Perdinandum3

417 4357 458 4427 vt
476 4349 634 4448 quilibet
651 4351 817 4447 graciam
836 4353 1054 4454 impetraret
1073 4361 1164 4456 aput
1181 4351 1457 4432 Ferdina'ndum
1469 4378 1538 4432 ea-

416 4478 506 4580 pitis
516 4473 911 4576 compossessionibus
920 4479 1106 4586 subdi-lv·
1128 4483 1221 4560 Post
1229 4480 1388 4558 mediam
1398 4481 1538 4580 noctis,

456 4771 488 4836 a)
506 4767 570 4825 Mt·
590 4767 644 4824 kdn
660 4767 797 4840 jovita:
819 4767 1081 4840 „pervastaverat‘
