3260 5226
1172 501 1251 581 att

138 725 178 794 vt
195 719 381 796 intrarent
398 717 445 794 ud
464 715 650 793 ciuitatem
670 717 753 794 Deo
763 719 975 818 adjurante.
994 719 1046 794 Et
1064 727 1171 795 erant
1188 743 1251 818 pe·

137 845 234 922 dites
257 869 304 922 ex
332 853 439 945 purte
467 844 513 920 de
542 843 735 941 Hungaris
763 845 1007 948 baydunoues
1035 854 1072 922 et
1098 847 1250 924 bubuloi

135 967 345 1050 innumero
365 979 531 1064 eentum3
556 970 653 1068 quod
673 971 718 1048 de
737 979 845 1072 purte
863 969 1150 1068 Alemouorum,
1171 981 1250 1050 eta

134 1107 242 1198 parte
261 1097 527 1197 Hungarorum
545 1099 701 1197 predicti
729 1101 881 1198 pubului
893 1108 987 1178 ,ante
1007 1101 1247 1196 eonsumitur,

136 1225 615 1304 etodouoteradoiuitotem
635 1227 886 1304 Pestieosium
905 1251 1043 1323 omnes,
1063 1229 1126 1326 qui
1146 1237 1253 1306 erunt
1296 1201 1308 1234 ¹

137 1351 175 1429 in
202 1375 357 1432 numero
383 1359 550 1448 oentum;
578 1359 616 1428 et
642 1359 682 1428 vt
709 1352 854 1452 pedites
882 1351 1154 1432 Germanorum
1172 1361 1251 1430 tute

136 1479 279 1556 intrare
306 1478 492 1556 deberent.
523 1477 598 1554 Sed
626 1501 698 1554 non
727 1485 986 1576 presumerunt
1004 1485 1088 1578 post
1105 1479 1251 1578 pedites

138 1603 343 1703 Hunguros
370 1605 521 1682 intrare.
562 1603 631 1682 Isti
660 1611 847 1682 nostrates
875 1627 992 1703 usque
1022 1604 1069 1680 ad
1096 1613 1250 1684 mortem

135 1731 274 1808 bellum
293 1731 482 1809 habebant
508 1731 595 1830 plus
613 1751 723 1827 quam
742 1754 875 1822 unam,
895 1739 933 1806 et
950 1732 1091 1808 elamor
1110 1739 1192 1808 orat
1209 1731 1248 1808 iu

136 1859 303 1938 sinitote.
324 1857 384 1934 Ita
403 1880 575 1956 magnam
593 1859 772 1934 tenebant
786 1857 970 1957 pugillum
979 1857 1124 1957 pedites
1143 1855 1248 1934 Hun-

135 1986 220 2084 geri
239 2006 321 2060 oum
340 1983 485 2080 Turris,
506 1983 603 2081 quod
623 1983 676 2058 ita
694 1984 812 2060 fertur
822 1983 958 2078 dicere,
977 1983 1075 2082 quod
1090 1981 1250 2060 sieoiam
1269 2061 1272 2068 ,

136 2112 232 2188 tanti
251 2111 428 2204 tuissent,
455 2109 663 2209 potuissent
680 2131 809 2186 ornnes
827 2108 974 2187 Turnus
991 2115 1184 2208 prostrare
1202 2108 1251 2186 ud

133 2247 284 2332 terram,
297 2243 335 2312 et
351 2235 539 2312 ciuitatem
548 2236 756 2314 deliberare
768 2235 815 2312 de
829 2234 1000 2314 manibus
1019 2234 1248 2314 ettnioorum.

136 2363 187 2440 Et
204 2363 418 2466 clamabunt
436 2385 631 2462 pauperes,
652 2371 691 2438 vt
709 2362 929 2462 adiuuarent
948 2385 1025 2460 eos,
1045 2363 1250 2460 quiaDeus

133 2491 316 2568 fortunam
346 2489 510 2567 dedisset
538 2491 674 2566 bonam
699 2491 774 2588 eis3
802 2490 869 2566 sed
896 2490 1020 2566 nullus
1047 2488 1174 2567 debuit
1192 2490 1247 2566 in-

134 2625 246 2696 trsre.
1186 2619 1199 2646 ⁵

240 2741 323 2818 Heu
347 2767 429 2820 oum
460 2743 550 2820 vidit
577 2745 713 2822 Petrus
741 2745 868 2838 Prini,
897 2743 995 2841 quod
1022 2743 1076 2818 nil
1103 2742 1249 2840 proiioi·

135 2876 282 2948 suerent
311 2869 491 2948 Germani
510 2873 689 2948 suburbe
718 2870 846 2964 Buda;
876 2893 958 2946 mor
988 2869 1125 2946 Petrus
1144 2868 1250 2945 Prini

30 3051 35 3060 -
134 2999 234 3074 ulum
252 2997 291 3072 in
310 3005 417 3074 noete
435 2997 591 3074 intrauit
609 2997 657 3074 od
677 2997 819 3074 Budum
830 2995 1141 3090 adMebmetbek‚
1161 2996 1249 3093 quia

134 3123 259 3223 ipsum
273 3125 353 3221 jam
382 3131 579 3222 antequam
598 3147 681 3200 oum
698 3123 770 3199 tide
790 3145 860 3200 sua
877 3128 1095 3221 susceperat
1113 3122 1249 3198 Petrus

140 3248 467 3326 Mebmetbassam.
501 3250 551 3324 Et
570 3273 706 3346 magna
725 3273 878 3326 munero
905 3249 1105 3326 obtullerat
1123 3247 1158 3322 ei
1177 3247 1249 3324 Po·

137 3375 345 3477 trusPriny
360 3377 730 3476 propterduasorues
748 3399 855 3472 suas3
875 3356 1049 3452 videlieet
1067 3381 1108 3450 vt
1124 3381 1250 3452 essent

131 3503 204 3580 sibi
240 3523 408 3601 paupere
444 3503 615 3598 iabores,
653 3529 702 3578 ne
738 3503 947 3603 inpedirent
982 3500 1050 3579 sod
1087 3499 1244 3594 abirent,

131 3627 278 3726 quando
314 3627 410 3704 toret
449 3627 568 3707 Cesar
605 3629 812 3708 Turuarum
848 3630 886 3704 in
924 3625 1118 3704 itineribus
1155 3625 1244 3704 suis.

132 3753 295 3832 Tantum
323 3763 475 3854 propter
494 3753 565 3832 beo
592 3757 686 3833 duas
714 3778 821 3832 eroes
839 3755 993 3832 fauebat
1011 3753 1244 3846 ettnioorom,

130 3903 204 3960 non
222 3887 374 3980 propter
383 3882 527 3960 ruinam
537 3881 851 3978 Christianorum,
869 3880 936 3959 sed
945 3880 1077 3980 pocius
1094 3884 1246 3982 propter

130 4007 466 4086 corroborationem
504 4007 834 4102 Christianorum,
873 4031 917 4084 eo
944 4007 1089 4084 demum
1118 4032 1244 4088 eorum

129 4142 206 4212 tute
224 4156 445 4235 permanere
472 4143 653 4236 perpetue
671 4135 711 4212 in
728 4134 1029 4236 possessionibus
1048 4156 1129 4211 oum
1149 4135 1241 4214 libe·

58 4342 64 4357 ,
129 4261 181 4339 ris
214 4257 288 4360 ¹¹³i
314 4261 403 4338 suis.

235 4387 286 4462 Et
312 4386 398 4464 inde
426 4389 569 4488 equites
597 4389 714 4466 Turni
746 4411 828 4466 oum
857 4387 1050 4485 Hungaris
1078 4385 1175 4465 inter
1201 4413 1244 4466 se

128 4515 355 4592 exercebant
380 4516 563 4614 pugillum
589 4523 766 4616 tanquam
794 4515 962 4592 foloones
979 4513 1077 4590 inter
1094 4537 1156 4608 se,
1177 4515 1244 4593 sod

132 4661 280 4740 semper
307 4638 481 4740 Hungari
509 4641 737 4742 optinebent.
765 4641 825 4720 Ita
851 4640 964 4720 dabat
991 4641 1096 4720 Deus
1114 4641 1171 4720 eis
1188 4642 1243 4720 vi·

128 4766 301 4862 utorium,
330 4767 429 4866 qood
448 4791 557 4844 vnum
577 4769 787 4872 vayuotiom
806 4768 970 4848 'Puteum
998 4769 1243 4870 preuulebant
