3260 5226
357 465 437 550 406

356 670 432 746 lam
452 664 652 744 Scecchew
670 661 719 740 ad
737 662 884 740 domum
912 663 1091 760 plebauii.
1122 663 1175 740 ut
1193 671 1274 740 erat
1303 689 1347 740 n·
1379 667 1384 674 '

357 794 575 894 crepusculo
603 793 722 870 noctis
749 815 795 868 ao
812 791 985 891 pluiosa,
1013 797 1051 867 et
1078 799 1186 870 erant
1211 792 1284 868 duo
1313 817 1357 868 m

356 945 494 1018 magna
522 920 567 996 dc
598 941 670 1017 quo
696 920 780 996 loco
808 925 999 994 venerant.
1028 917 1079 994 Et
1105 925 1187 994 erat
1213 921 1324 996 stuba
1351 944 1378 995 c„

355 1047 529 1147 plebani,
551 1053 589 1122 et
606 1045 658 1124 ibi
676 1043 819 1142 Regem
837 1043 1069 1122 Ludouicum
1088 1053 1270 1124 exuerant
1287 1047 1334 1123 de
1352 1047 1400 1122 lo·

357 1175 572 1270 metallina,
592 1180 630 1249 et
648 1171 831 1249 cassidem
850 1171 943 1248 eius.
963 1171 1064 1248 Dum
1082 1171 1232 1248 sederet
1249 1171 1334 1248 Rex
1353 1171 1421 1250 Lo·

285 1365 289 1374 .
354 1310 532 1400 tauquam
550 1301 697 1396 lassus;
726 1305 764 1376 et
786 1299 1049 1376 reffecciouem
1066 1320 1225 1398 paruam
1242 1298 1316 1376 cito
1335 1323 1439 1402 prep.

356 1435 554 1524 rauerunt,
574 1433 615 1503 vt
628 1429 707 1524 jam
727 1424 948 1502 comederet.
978 1424 1086 1500 Dixit
1103 1425 1247 1503 Paulus
1266 1424 1448 1504 Thomori

360 1555 566 1654 „Gomedot
584 1555 659 1630 cito
686 1552 810 1650 Regia
838 1551 1021 1650 Majestas
1049 1553 1209 1650 Vestra,
1239 1555 1328 1651 quia
1355 1553 1473 1630 Turoi

355 1683 527 1760 celeriter
545 1687 630 1781 post
647 1705 714 1757 nos
731 1679 946 1756 festinant.“
969 1679 1019 1754 Et
1036 1677 1090 1757 ait
1108 1680 1157 1755 ad
1175 1679 1386 1778 Georgium
1403 1679 1474 1756 Se-

354 1811 589 1910 pussiensem
609 1836 617 1882 :
642 1807 811 1906 ,Vestro
825 1804 1110 1902 magnificencia
1129 1813 1191 1881 eat
1206 1807 1256 1882 ad
1264 1806 1473 1906 hospicium

355 1958 480 2032 suum,
508 1943 545 2012 et
564 1957 633 2032 ego
652 1933 825 2012 similiter
844 1932 893 2008 ad
911 1955 1052 2030 meum,
1071 1957 1145 2010 uon
1163 1933 1372 2030 tardemus,
1392 1941 1472 2010 sta·

353 2065 421 2140 tim
449 2063 625 2161 equitare
644 2061 821 2138 debemus
857 2082 992 2137 versus
1028 2059 1208 2136 Budam.“
1251 2061 1360 2158 ,Ego
1388 2083 1471 2137 sum

355 2197 530 2290 paratus,
550 2189 603 2264 ait
621 2185 822 2284 Georgius,
842 2187 1070 2264 solummodo
1090 2187 1229 2266 Vestra
1247 2187 1474 2264 Reuerendo

356 2317 562 2400 dominacio
582 2321 643 2390 eat
667 2337 708 2392 se
728 2313 776 2418 ad
794 2313 1023 2416 hospicium,
1053 2335 1123 2410 ego
1152 2313 1300 2412 quidem
1326 2312 1471 2411 Regem

355 2443 597 2543 explorabo.“
629 2442 771 2520 Paulus
790 2441 972 2518 Thomori
1000 2439 1174 2518 discessit
1196 2439 1245 2516 ad
1261 2439 1470 2540 hospicium

355 2592 440 2646 cum
456 2569 601 2645 familia
619 2589 689 2646 sua
713 2590 796 2644 oum
823 2566 1073 2666 lampadibus.
1102 2565 1196 2642 Inde
1223 2566 1371 2664 guidem
1390 2565 1468 2646 Ge·

355 2697 483 2795 orgius
510 2695 563 2772 ait
589 2693 688 2792 Regi
716 2691 934 2771 Lodouico:
968 2693 1053 2792 „Tu
1072 2693 1255 2770 corizator
1273 2691 1376 2769 Rex!
1408 2692 1469 2770 Tu

355 2823 524 2901 mekator
542 2821 644 2900 Rex!
675 2821 736 2896 Tu
764 2820 900 2897 iniuste
919 2818 1023 2897 Rex!
1055 2817 1165 2912 Quod
1181 2819 1376 2920 perdidisti
1394 2817 1469 2896 Re·

355 2973 470 3049 gnum
488 2947 705 3048 Huugarie,
735 2955 772 3024 et
785 2947 882 3046 juris
900 2953 1138 3046 patronatum
1157 2953 1321 3024 nostrum
1340 2968 1470 3025 omnes

353 3076 612 3178 possessiones
639 3074 743 3151 ducis
769 3072 989 3174 Lourcucy,
1020 3073 1084 3171 qui
1111 3072 1348 3170 obligauerat
1365 3095 1408 3150 se
1426 3095 1469 3150 se

354 3204 395 3279 iu
414 3201 596 3280 deiectum
615 3201 790 3296 seminis,
817 3206 854 3275 et
872 3206 980 3298 poter
998 3205 1126 3274 noster
1143 3197 1198 3274 sic
1218 3197 1254 3273 ei
1272 3221 1293 3274 e
1312 3219 1467 3276 conver-

355 3331 453 3408 sor.“
485 3328 551 3404 Ait
577 3326 659 3405 Rex
688 3325 929 3404 Lodouicus:
954 3325 1065 3423 ,Non
1082 3347 1166 3401 mea
1184 3325 1378 3420 voluntas,
1401 3325 1469 3402 sed

275 3467 278 3485 '
355 3462 613 3554 magnatorum
642 3461 680 3529 et
705 3454 970 3553 prelatorum.“
1011 3451 1180 3550 Rapiens
1216 3473 1285 3551 per
1312 3451 1469 3552 timpum

355 3583 498 3682 Regem
515 3581 724 3678 furibunde,
744 3603 831 3658 mox
848 3581 888 3656 in
906 3578 1025 3658 tribus
1042 3579 1139 3656 locis
1148 3577 1193 3652 de
1202 3578 1321 3656 latere
1336 3577 1468 3656 dextro

358 3711 468 3788 fiuxit
486 3731 567 3788 cum
587 3716 697 3808 spata
713 3707 1098 3786 triacuteBohemioa.
1117 3705 1263 3784 Gituieh
1272 3713 1310 3782 et
1318 3707 1386 3806 aiij
1405 3727 1468 3782 cu·

356 3836 526 3935 bioularij
556 3835 677 3933 Regie
705 3833 917 3932 Majestctis
943 3839 1157 3912 terruerunt
1183 3855 1245 3930 se,
1274 3840 1314 3908 et
1338 3832 1467 3930 iugum

356 3963 537 4040 dederunt
563 3961 612 4036 od
638 3960 846 4060 hospicium
873 3959 986 4036 Pauli
1013 3959 1214 4056 Thcmori,
1239 3965 1277 4034 et
1295 3958 1469 4036 dicebant

355 4087 517 4166 clamore
535 4085 662 4164 valido
682 4113 692 4160 z
716 4083 824 4184 ,Gito
842 4085 937 4180 cito,
957 4083 1155 4182 magnifice
1183 4083 1350 4180 domiue,
1380 4085 1469 4182 quia

356 4214 491 4292 occidit
517 4211 661 4312 Regem
697 4210 927 4289 Lodouicum
965 4207 1157 4308 Georgius
1187 4207 1464 4310 Seposieusis.“

356 4339 466 4436 Quod
492 4341 662 4419 audisset
698 4339 1001 4442 archiepiscopus
1034 4337 1277 4436 Bachieuais,
1310 4359 1469 4436 surgens

355 4469 459 4548 illico
486 4468 665 4548 seuieudo
692 4489 776 4544 cum
803 4475 955 4545 caterua
973 4487 1043 4544 aua
1061 4467 1169 4544 inuit
1189 4465 1370 4544 aduersus
1390 4463 1468 4544 Ge·

355 4598 499 4695 orgium
527 4595 831 4696 Sepussieusem,
860 4603 899 4673 et
924 4595 1044 4694 ipsum
1081 4595 1322 4671 reinteriecit.
1358 4593 1468 4686 Quod

356 4724 522 4802 audisset
539 4723 630 4802 belli
648 4721 778 4800 ductor
797 4721 940 4818 Georgi
959 4720 1207 4820 Seposieusis,
1227 4721 1466 4818 quamobrem
