3226 5220
369 487 447 565 212

369 709 437 785 pro
465 685 545 761 filio
572 707 640 761 suo
668 681 872 760 Francisco
891 683 930 756 in
949 679 1135 780 Hwylrel,
1164 681 1287 760 adhuc
1305 685 1345 760 in
1363 685 1497 763 carnis

368 812 633 912 priuiumerat,
655 817 692 884 et
709 809 748 884 in
768 809 929 885 ccclesia
948 809 1117 906 sepultus
1136 815 1194 886 est
1211 833 1280 908 per
1298 835 1377 908 mo;
1400 813 1498 908 quia

369 947 478 1039 pater
498 939 577 1014 eius
596 937 651 1012 nil
670 958 797 1012 euram
816 935 1010 1030 adibebat‚
1039 937 1279 1032 quamobrem
1297 940 1346 1016 ab
1364 941 1497 1016 infan-

370 1066 431 1142 cia
449 1088 534 1142 eum
553 1064 743 1142 docebam.

672 1347 1011 1453 (currrunun
1038 1347 1180 1454 nun).

476 1569 528 1644 Et
552 1565 701 1642 interim
728 1567 833 1643 venit
860 1589 956 1643 unus
982 1566 1131 1663 legatus
1150 1589 1173 1641 a
1192 1565 1298 1664 Rege
1325 1567 1496 1648 Francis

370 1695 417 1770 ad
435 1695 580 1791 Regem
607 1694 634 1772 J
636 1718 805 1771 oannem.
836 1695 887 1770 Et
905 1693 989 1770 Rex
1007 1716 1152 1793 pauper
1175 1695 1329 1771 nimium
1347 1698 1495 1792 gande·

368 1823 454 1918 bat,
485 1822 725 1917 quamobrem
754 1820 1027 1897 consolacionis
1055 1827 1092 1895 et
1119 1829 1272 1920 propter
1290 1821 1495 1901 deffensio-

368 1949 449 2046 nis3
480 1947 569 2046 quia
592 1949 768 2026 ancillam
798 1949 958 2026 Francia
977 1947 1077 2045 Regi
1095 1947 1237 2026 Joanni
1256 1949 1354 2046 Regi
1372 1949 1495 2050 depu-

368 2083 448 2152 tata
475 2083 556 2153 erat
592 2075 715 2153 adhue
751 2077 837 2152 dum
865 2077 905 2152 in
933 2073 1039 2151 Bada
1077 2077 1279 2154 fueramus.
1318 2075 1494 2175 Cumque

368 2204 606 2303 peruenimus
634 2204 683 2280 ad
710 2205 832 2280 locum
869 2204 1107 2302 prepositure
1148 2204 1327 2300 Missien,
1367 2213 1404 2280 et
1435 2205 1494 2282 ibi

369 2331 561 2408 descendit
589 2331 673 2406 Rex
700 2331 890 2427 ioannes,
921 2337 958 2407 et
985 2331 1025 2406 in
1042 2331 1164 2408 tribus
1183 2331 1312 2408 diebus
1331 2332 1382 2408 ibi
1402 2357 1493 2432 per·

367 2458 610 2535 noctauimns.

475 2585 526 2659 Et
544 2583 692 2659 interim
712 2584 813 2658 fama
832 2583 935 2658 venit
954 2582 1051 2678 Regi
1069 2582 1230 2679 Joanni,
1252 2583 1350 2681 quod
1368 2585 1395 2663 J
1397 2609 1491 2662 oan-

369 2734 437 2786 nes
456 2709 608 2785 Kocian
634 2708 746 2784 valde
765 2708 937 2784 celeriter
955 2707 1081 2782 veniet
1100 2707 1281 2786 aduersus
1300 2708 1491 2790 Joannem

368 2835 523 2932 Regem.
554 2837 639 2932 Ego
668 2836 782 2912 dixi:
817 2835 942 2932 „Vere
971 2833 1128 2930 quodsi
1156 2834 1385 2911 intellectum
1413 2861 1490 2916 non

367 2963 525 3039 haberet
543 2963 588 3038 (lc
608 2964 689 3038 acie
708 2963 735 3040 J
736 2963 870 3039 oannis
888 2962 1028 3058 Regis,
1059 2985 1133 3037 non
1152 2962 1362 3040 intenderet
1380 2965 1489 3043 festi-

368 3091 497 3166 nare.“
530 3089 614 3164 Hoc
634 3090 771 3164 dictum
791 3091 830 3165 in
848 3089 1032 3168 dominico
1058 3089 1117 3164 die
1139 3095 1239 3166 Oculi
1257 3096 1343 3188 post
1361 3093 1489 3168 solen·

369 3216 601 3292 ninacionem
621 3217 735 3292 misse
753 3239 866 3316 super
886 3240 1052 3295 mensam
1070 3216 1111 3290 in
1127 3215 1284 3313 prandio
1304 3216 1487 3316 dicebam,

368 3349 406 3418 et
424 3343 596 3418 dixerunt
615 3342 708 3418 milri
728 3343 933 3420 cubiculari
952 3342 1074 3439 Regie
1095 3342 1327 3439 Majestatis:
1352 3345 1489 3440 „Vnde

368 3471 443 3548 scis
470 3469 531 3545 hio
558 3471 651 3545 talia
688 3469 831 3566 dicere,
871 3469 968 3568 quod
994 3475 1035 3544 tu
1062 3469 1222 3546 nescis.“
1264 3470 1347 3567 Ego
1386 3471 1487 3548 dixi:

373 3597 533 3694 „Dicitis
561 3597 659 3693 qnod
687 3594 842 3673 nescio?
862 3591 951 3698 ὂψ·
982 3596 1084 3674 Vere
1102 3595 1179 3673 scio
1199 3602 1236 3672 et
1253 3598 1348 3674 hene
1367 3599 1485 3674 scio.“

369 3723 559 3799 interdum
579 3730 792 3799 accesserat
811 3721 859 3798 ad
877 3745 945 3798 nos
966 3720 1176 3818 Gregorius
1195 3723 1397 3823 Pestieny,
1429 3723 1487 3800 di-

368 3851 425 3926 xit
443 3850 535 3924 mihi
556 3879 565 3924 :
590 3849 701 3946 „Jam
721 3849 855 3924 amitas
874 3855 987 3945 tuam,
1007 3855 1116 3949 pater
1135 3847 1346 3946 Georgius,
1367 3851 1488 3926 conti-

368 3999 479 4052 nuam
497 3975 758 4072 stoliditatem
779 3975 967 4052 assiduam
986 3998 1135 4074 semper
1151 3973 1269 4052 habes
1289 3998 1488 4072 argumen-

367 4105 552 4180 tacioncm
582 4102 812 4180 nobiscum.“
844 4103 896 4176 Et
923 4101 1002 4176 (lixi
1032 4129 1040 4175 ε
1075 4101 1179 4198 „Noc
1209 4126 1277 4179 vos
1305 4098 1420 4178 astuti
1449 4113 1489 4180 et

367 4229 559 4331 prudenti!
591 4229 653 4304 Me
673 4228 796 4305 dicitis
816 4251 899 4304 csse
919 4228 1175 4325 semifatuum3
1207 4229 1279 4305 sed·
1297 4229 1487 4320 videbitis,

368 4357 550 4452 quomodo
570 4355 633 4431 fiet
651 4356 794 4434 vobis.“
830 4355 963 4431 Dicen.
993 4355 1092 4431 enim
1111 4377 1195 4432 sese
1214 4355 1317 4454 ipsos
1336 4357 1488 4455 sapien-

367 4489 425 4559 tes
444 4485 501 4558 illi
521 4484 624 4560 stulti
644 4483 733 4558 lacti
753 4489 858 4578 sunt,
879 4482 1081 4560 secundum
1100 4481 1323 4580 Apostolum
1341 4483 1390 4558 ad
1408 4483 1487 4558 Ro·

367 4633 496 4688 manos
516 4618 586 4686 etc.

473 4737 565 4812 Dixi
584 4737 650 4829 eis,
670 4757 782 4833 quum
801 4733 880 4810 vidi
898 4733 1238 4812 recessomanobis
1257 4731 1487 4832 Gregorium
