3238 5228
409 525 487 606 246

411 730 502 803 bant
519 747 651 802 versus
670 699 879 800 Palaniam.
900 722 950 798 ut
960 727 1040 798 erat
1048 719 1140 798 belli
1151 719 1279 796 ductor
1297 717 1530 819 Raainehky

411 854 572 953 optimus
601 851 660 928 vir
687 851 946 950 personaliter.
982 849 1032 925 Et
1059 849 1280 926 invenerant
1306 848 1439 925 iterum
1465 846 1528 921 la-

410 989 538 1058 trones
557 977 745 1078 optimatis
762 976 1039 1075 Hungarurum‚
1060 977 1123 1074 qni
1141 977 1275 1052 saltum
1295 975 1459 1052 fecerant
1475 974 1530 1048 dc

412 1081 545 1200 nano,
576 1104 660 1180 num
678 1103 817 1181 reniret
835 1103 880 1180 ne
899 1103 1080 1205 wayvone
1107 1100 1375 1177 nannenten
1394 1099 1441 1176 aa
1457 1099 1531 1175 ‹10-

412 1255 511 1308 mnm
546 1229 675 1308 Maka.
713 1231 882 1308 Venerat
916 1229 1142 1308 Franciseus
1179 1226 1331 1320 Bebek;
1370 1233 1533 1304 venerat

411 1359 528 1435 esiam
548 1357 708 1458 Cybak3
736 1365 892 1436 venerat
916 1357 1093 1435 sublatim
1110 1355 1269 1431 nunnius
1287 1353 1333 1430 de
1351 1353 1458 1429 Butla
1474 1353 1532 1428 ad

411 1485 554 1580 Regem
574 1483 759 1561 «loannem
779 1481 824 1560 de
847 1483 996 1590 Thoma
1023 1479 1214 1580 Nadasdj‚
1245 1480 1424 1578 quiajam
1442 1480 1530 1578 ipse

409 1611 561 1686 tenebat
579 1633 703 1687 aream
732 1611 875 1687 Budam
902 1617 989 1710 post
1015 1607 1304 1687 Ferdiuandum.
1334 1607 1387 1682 Et
1405 1607 1460 1683 sia
1476 1605 1530 1681 de

411 1737 581 1833 singulis.
602 1736 651 1812 Et
669 1759 735 1835 per
753 1744 870 1814 totam
888 1737 1020 1814 iemem
1039 1733 1151 1812 valde
1170 1733 1252 1811 Rex
1270 1735 1437 1834 spatium
1455 1732 1529 1808 ha-

410 1863 543 1942 buerat
560 1863 694 1964 quiete.

694 2147 1025 2251 (enrmuuun
1054 2147 1235 2254 uxxn).

517 2367 684 2465 Cumque
702 2368 939 2468 pervenimus
957 2366 1005 2444 ad
1024 2389 1161 2482 annum
1183 2363 1305 2464 1529,
1326 2375 1363 2444 et
1380 2367 1418 2442 in
1443 2370 1528 2446 veri

282 2555 285 2566 .
413 2517 539 2571 mense
568 2493 687 2571 Marei
725 2494 955 2591 audiuimus,
993 2495 1091 2592 quau
1119 2495 1344 2572 Valentinus
1378 2493 1530 2573 Tureus

414 2621 605 2698 ordinaret
630 2645 672 2699 se
700 2623 748 2698 ad
775 2621 1101 2700 Transsiluaniam
1130 2629 1259 2700 eontm
1286 2621 1428 2720 Regem
1456 2623 1526 2702 Jo-

413 2772 558 2827 aunem.

519 2873 611 2950 Inde
640 2875 788 2972 quidem
817 2883 994 2952 sexcenta
1021 2875 1183 2952 habebat
1211 2875 1358 2953 Turnus
1375 2877 1445 2952 sub
1463 2900 1526 2954 ar·

413 3025 492 3078 aem
520 2979 783 3098 Vilagosuar3
813 3010 849 3077 et
877 3025 943 3102 per
968 3027 1033 3080 eos
1062 3004 1218 3081 obsessa
1244 3012 1326 3080 erat
1350 3007 1428 3102 jam
1459 3027 1529 3102 per

414 3137 529 3203 totam
546 3127 679 3204 iemem
693 3132 772 3226 Jam
792 3153 816 3204 a
834 3129 929 3206 festo
948 3129 1098 3205 Andree
1127 3130 1299 3229 apostoli.
1327 3130 1377 3205 Et
1394 3129 1527 3205 Balita

412 3254 562 3332 tenebat
602 3255 698 3330 idem
737 3279 860 3332 aream
897 3255 1163 3352 Vilaghoswar
1199 3281 1265 3356 per
1294 3255 1525 3356 Stephanum

415 3381 543 3458 Batori
563 3387 600 3457 et
617 3381 711 3456 bene
736 3381 901 3479 regebat.
923 3380 1022 3474 Quia
1040 3389 1078 3458 et
1097 3383 1176 3482 ipae
1196 3383 1306 3460 valde
1324 3389 1406 3460 erat
1424 3392 1526 3460 astu-

414 3517 474 3587 tus
492 3509 531 3584 in
549 3508 695 3585 bellicis
713 3509 828 3586 armis
846 3516 883 3584 et
901 3516 1095 3606 strenuus,
1125 3520 1163 3586 et
1180 3520 1261 3588 erat
1279 3513 1396 3588 eeiarn
1415 3510 1527 3588 valde

415 3635 523 3714 tortis
541 3633 579 3710 in
598 3635 751 3712 lacertis
778 3637 877 3733 suis;
906 3643 1070 3713 attamen
1097 3645 1322 3739 postremum
1350 3640 1527 3740 deeeptus

415 3769 496 3841 erat
513 3783 673 3862 pauper,
704 3769 741 3837 et
759 3770 840 3840 erat
866 3763 1018 3839 nimium
1047 3765 1165 3842 miles.
1196 3766 1290 3845 Erat
1309 3767 1456 3865 quidem
1475 3769 1527 3844 ibi

414 3891 453 3965 in
475 3889 628 3966 ciuitate
656 3889 833 3986 magister
861 3891 1005 3990 eapelle
1032 3891 1197 3998 Michael
1216 3893 1401 3971 sacerdos.
1433 3895 1527 3972 Pro·

415 4017 568 4095 miserat
586 4016 766 4116 seipsum
785 4016 931 4094 dominu
956 4016 1114 4120 Oybak,
1144 4019 1241 4118 quod
1259 4021 1294 4098 si
1312 4021 1529 4097 defenderet

415 4145 707 4244 eumaperiaulo
727 4143 870 4239 Balita,
890 4144 971 4243 ipse
991 4169 1114 4223 areem
1132 4147 1373 4245 Vilagoswar
1390 4150 1526 4227 leuiter

344 4282 346 4293 '
416 4271 463 4348 ad
473 4292 605 4346 manus
621 4273 702 4367 ejus
719 4271 1007 4348 administraret.
1033 4272 1227 4351 Emerieus
1245 4273 1393 4376 Cybele,
1414 4299 1527 4376 quum

413 4397 481 4474 hee
500 4395 665 4475 audisset
683 4398 730 4472 ab
754 4421 818 4475 ore
846 4397 1067 4496 sacerdotis,
1096 4424 1182 4478 max
1200 4403 1424 4502 promisitai
1444 4407 1524 4504 ple-

415 4525 563 4602 baniam
593 4521 767 4626 Gywlen.
788 4533 825 4602 et
843 4527 992 4626 insuper
1011 4527 1114 4605 mille
1134 4527 1306 4606 florenos.
1337 4529 1413 4607 Iste
1441 4555 1526 4630 pre·

416 4651 536 4731 dietus
554 4651 730 4730 saeerdos
748 4651 912 4732 Michael
941 4653 1104 4731 habebat
1122 4654 1161 4730 in
1178 4679 1266 4732 aree
1285 4655 1528 4752 Vilagoswar

415 4800 477 4854 res
496 4785 534 4854 et
551 4777 628 4854 alia
645 4777 743 4856 bona
761 4802 840 4876 sua,
860 4779 1068 4859 ethabebat
1086 4781 1288 4880 quingenta
1300 4783 1527 4881 jobagiones
