<?xml version="1.0" encoding="UTF-8"?>
<!DOCTYPE html PUBLIC "-//W3C//DTD XHTML 1.0 Transitional//EN"
    "http://www.w3.org/TR/xhtml1/DTD/xhtml1-transitional.dtd">
<html xmlns="http://www.w3.org/1999/xhtml" xml:lang="en" lang="en">
 <head>
  <title>
</title>
<meta http-equiv="Content-Type" content="text/html;charset=utf-8" />
  <meta name='ocr-system' content='tesseract 3.04.00' />
  <meta name='ocr-capabilities' content='ocr_page ocr_carea ocr_par ocr_line ocrx_word'/>
</head>
<body>
  <div class='ocr_page' id='page_1' title='image "./emlkiratamagyar00wenzgoog_0351.png"; bbox 0 0 3238 5228; ppageno 0'>
   <div class='ocr_carea' id='block_1_1' title="bbox 405 516 486 596">
    <p class='ocr_par' dir='ltr' id='par_1_1' title="bbox 405 516 486 596">
     <span class='ocr_line' id='line_1_1' title="bbox 405 516 486 596; baseline 0 0"><span class='ocrx_word' id='word_1_1' title='bbox 405 516 486 596; x_wconf 85' lang='lat'><strong>304</strong></span> 
     </span>
    </p>
   </div>
   <div class='ocr_carea' id='block_1_2' title="bbox 401 713 1539 2714">
    <p class='ocr_par' dir='ltr' id='par_1_2' title="bbox 406 713 1538 1828">
     <span class='ocr_line' id='line_1_2' title="bbox 513 713 1538 816; baseline -0.004 -24"><span class='ocrx_word' id='word_1_2' title='bbox 513 716 676 794; x_wconf 82' lang='lat' dir='ltr'><strong>Posthac</strong></span> <span class='ocrx_word' id='word_1_3' title='bbox 694 717 905 794; x_wconf 84' lang='lat' dir='ltr'><strong>audiuimus</strong></span> <span class='ocrx_word' id='word_1_4' title='bbox 924 713 1048 810; x_wconf 91' lang='lat' dir='ltr'><strong>Bude,</strong></span> <span class='ocrx_word' id='word_1_5' title='bbox 1069 714 1168 813; x_wconf 90' lang='lat' dir='ltr'><strong>quod</strong></span> <span class='ocrx_word' id='word_1_6' title='bbox 1187 715 1419 793; x_wconf 81' lang='lat' dir='ltr'><strong>Oocciander</strong></span> <span class='ocrx_word' id='word_1_7' title='bbox 1440 721 1538 816; x_wconf 86' lang='lat' dir='ltr'><strong>post</strong></span> 
     </span>
     <span class='ocr_line' id='line_1_3' title="bbox 408 841 1537 944; baseline -0.004 -23"><span class='ocrx_word' id='word_1_8' title='bbox 408 845 586 922; x_wconf 89' lang='lat' dir='ltr'><strong>miliciam</strong></span> <span class='ocrx_word' id='word_1_9' title='bbox 614 842 907 944; x_wconf 77' lang='lat' dir='ltr'><strong>expugnationis</strong></span> <span class='ocrx_word' id='word_1_10' title='bbox 934 841 1082 919; x_wconf 77' lang='lat' dir='ltr'><strong>&#39;Furcas</strong></span> <span class='ocrx_word' id='word_1_11' title='bbox 1098 865 1167 942; x_wconf 90' lang='lat' dir='ltr'><strong>per</strong></span> <span class='ocrx_word' id='word_1_12' title='bbox 1185 842 1429 920; x_wconf 77' lang='lat' dir='ltr'><strong>Valentinum</strong></span> <span class='ocrx_word' id='word_1_13' title='bbox 1450 841 1537 917; x_wconf 86' lang='lat' dir='ltr'><strong>Te-</strong></span> 
     </span>
     <span class='ocr_line' id='line_1_4' title="bbox 406 967 1537 1070; baseline -0.004 -22"><span class='ocrx_word' id='word_1_14' title='bbox 406 973 477 1049; x_wconf 88' lang='lat' dir='ltr'><strong>rek</strong></span> <span class='ocrx_word' id='word_1_15' title='bbox 505 980 542 1047; x_wconf 93' lang='lat' dir='ltr'><strong>et</strong></span> <span class='ocrx_word' id='word_1_16' title='bbox 567 995 635 1070; x_wconf 89' lang='lat' dir='ltr'><strong>per</strong></span> <span class='ocrx_word' id='word_1_17' title='bbox 661 971 820 1048; x_wconf 90' lang='lat' dir='ltr'><strong>Paulum</strong></span> <span class='ocrx_word' id='word_1_18' title='bbox 848 969 1019 1070; x_wconf 74' lang='lat' dir='ltr'><strong>Beryae,</strong></span> <span class='ocrx_word' id='word_1_19' title='bbox 1058 991 1129 1067; x_wconf 90' lang='lat' dir='ltr'><strong>que</strong></span> <span class='ocrx_word' id='word_1_20' title='bbox 1165 968 1308 1046; x_wconf 86' lang='lat' dir='ltr'><strong>lucrum</strong></span> <span class='ocrx_word' id='word_1_21' title='bbox 1345 967 1537 1068; x_wconf 90' lang='lat' dir='ltr'><strong>triumphi</strong></span> 
     </span>
     <span class='ocr_line' id='line_1_5' title="bbox 411 1095 1537 1196; baseline -0.004 -21"><span class='ocrx_word' id='word_1_22' title='bbox 411 1097 581 1176; x_wconf 87' lang='lat' dir='ltr'><strong>Joannes</strong></span> <span class='ocrx_word' id='word_1_23' title='bbox 592 1095 823 1175; x_wconf 83' lang='lat' dir='ltr'><strong>Cucciander</strong></span> <span class='ocrx_word' id='word_1_24' title='bbox 841 1095 1046 1192; x_wconf 79' lang='lat' dir='ltr'>habuisset,</span> <span class='ocrx_word' id='word_1_25' title='bbox 1066 1102 1250 1196; x_wconf 89' lang='lat' dir='ltr'><strong>promtum</strong></span> <span class='ocrx_word' id='word_1_26' title='bbox 1268 1097 1434 1194; x_wconf 85' lang='lat' dir='ltr'><strong>spoliare</strong></span> <span class='ocrx_word' id='word_1_27' title='bbox 1453 1103 1537 1171; x_wconf 88' lang='lat' dir='ltr'><strong>ter-</strong></span> 
     </span>
     <span class='ocr_line' id='line_1_6' title="bbox 406 1221 1536 1323; baseline -0.004 -21"><span class='ocrx_word' id='word_1_28' title='bbox 406 1248 500 1322; x_wconf 87' lang='lat' dir='ltr'><strong>gora</strong></span> <span class='ocrx_word' id='word_1_29' title='bbox 517 1248 669 1303; x_wconf 91' lang='lat' dir='ltr'><strong>suarum</strong></span> <span class='ocrx_word' id='word_1_30' title='bbox 687 1224 860 1323; x_wconf 79' lang='lat' dir='ltr'><strong>paganis.</strong></span> <span class='ocrx_word' id='word_1_31' title='bbox 882 1223 933 1298; x_wconf 85' lang='lat' dir='ltr'><strong>Et</strong></span> <span class='ocrx_word' id='word_1_32' title='bbox 950 1223 1035 1300; x_wconf 86' lang='lat' dir='ltr'><strong>rixa</strong></span> <span class='ocrx_word' id='word_1_33' title='bbox 1052 1221 1224 1300; x_wconf 90' lang='lat' dir='ltr'><strong>intereos</strong></span> <span class='ocrx_word' id='word_1_34' title='bbox 1243 1223 1383 1300; x_wconf 84' lang='lat' dir='ltr'><strong>dixisse</strong></span> <span class='ocrx_word' id='word_1_35' title='bbox 1393 1223 1536 1312; x_wconf 80' lang='lat' dir='ltr'><strong>fertur,</strong></span> 
     </span>
     <span class='ocr_line' id='line_1_7' title="bbox 408 1349 1536 1451; baseline -0.004 -22"><span class='ocrx_word' id='word_1_36' title='bbox 408 1353 591 1432; x_wconf 86' lang='lat' dir='ltr'><strong>creuisset</strong></span> <span class='ocrx_word' id='word_1_37' title='bbox 617 1357 770 1451; x_wconf 91' lang='lat' dir='ltr'><strong>propter</strong></span> <span class='ocrx_word' id='word_1_38' title='bbox 798 1352 940 1426; x_wconf 88' lang='lat' dir='ltr'><strong>lucrum</strong></span> <span class='ocrx_word' id='word_1_39' title='bbox 968 1349 1169 1450; x_wconf 82' lang='lat' dir='ltr'><strong>triumphi,</strong></span> <span class='ocrx_word' id='word_1_40' title='bbox 1194 1359 1232 1426; x_wconf 90' lang='lat' dir='ltr'><strong>et</strong></span> <span class='ocrx_word' id='word_1_41' title='bbox 1250 1351 1306 1428; x_wconf 91' lang='lat' dir='ltr'><strong>sic</strong></span> <span class='ocrx_word' id='word_1_42' title='bbox 1323 1349 1536 1428; x_wconf 84' lang='lat' dir='ltr'><strong>festinaciu</strong></span> 
     </span>
     <span class='ocr_line' id='line_1_8' title="bbox 410 1474 1537 1580; baseline -0.004 -24"><span class='ocrx_word' id='word_1_43' title='bbox 410 1502 537 1560; x_wconf 86' lang='lat' dir='ltr'><strong>eorum</strong></span> <span class='ocrx_word' id='word_1_44' title='bbox 566 1487 652 1580; x_wconf 88' lang='lat' dir='ltr'><strong>post</strong></span> <span class='ocrx_word' id='word_1_45' title='bbox 670 1502 739 1556; x_wconf 86' lang='lat' dir='ltr'><strong>nos</strong></span> <span class='ocrx_word' id='word_1_46' title='bbox 756 1477 865 1556; x_wconf 91' lang='lat' dir='ltr'><strong>tarda</strong></span> <span class='ocrx_word' id='word_1_47' title='bbox 883 1485 978 1555; x_wconf 85' lang='lat' dir='ltr'><strong>erat.</strong></span> <span class='ocrx_word' id='word_1_48' title='bbox 998 1474 1057 1577; x_wconf 60' lang='grc' dir='ltr'>Ἣ</span> <span class='ocrx_word' id='word_1_49' title='bbox 1082 1477 1134 1554; x_wconf 85' lang='lat' dir='ltr'><strong>Et</strong></span> <span class='ocrx_word' id='word_1_50' title='bbox 1151 1479 1207 1554; x_wconf 88' lang='lat' dir='ltr'><strong>sie</strong></span> <span class='ocrx_word' id='word_1_51' title='bbox 1226 1477 1271 1554; x_wconf 91' lang='lat' dir='ltr'><strong>de</strong></span> <span class='ocrx_word' id='word_1_52' title='bbox 1291 1479 1359 1555; x_wconf 90' lang='lat' dir='ltr'><strong>sub</strong></span> <span class='ocrx_word' id='word_1_53' title='bbox 1378 1476 1537 1573; x_wconf 88' lang='lat' dir='ltr'><strong>Strigc·</strong></span> 
     </span>
     <span class='ocr_line' id='line_1_9' title="bbox 408 1603 1538 1700; baseline -0.007 -15"><span class='ocrx_word' id='word_1_54' title='bbox 408 1609 472 1684; x_wconf 90' lang='lat' dir='ltr'><strong>nia</strong></span> <span class='ocrx_word' id='word_1_55' title='bbox 499 1607 599 1685; x_wconf 85' lang='lat' dir='ltr'><strong>arcis</strong></span> <span class='ocrx_word' id='word_1_56' title='bbox 633 1605 784 1682; x_wconf 81' lang='lat' dir='ltr'><strong>confuse</strong></span> <span class='ocrx_word' id='word_1_57' title='bbox 812 1606 981 1682; x_wconf 82' lang='lat' dir='ltr'><strong>venierat</strong></span> <span class='ocrx_word' id='word_1_58' title='bbox 1017 1603 1186 1680; x_wconf 92' lang='lat' dir='ltr'><strong>dominus</strong></span> <span class='ocrx_word' id='word_1_59' title='bbox 1222 1605 1454 1700; x_wconf 88' lang='lat' dir='ltr'><strong>gubernatur</strong></span> <span class='ocrx_word' id='word_1_60' title='bbox 1496 1604 1538 1677; x_wconf 90' lang='lat' dir='ltr'><strong>in</strong></span> 
     </span>
     <span class='ocr_line' id='line_1_10' title="bbox 409 1729 1154 1828; baseline -0.008 -16"><span class='ocrx_word' id='word_1_61' title='bbox 409 1734 518 1812; x_wconf 83' lang='lat' dir='ltr'><strong>simul</strong></span> <span class='ocrx_word' id='word_1_62' title='bbox 537 1755 619 1808; x_wconf 89' lang='lat' dir='ltr'><strong>cum</strong></span> <span class='ocrx_word' id='word_1_63' title='bbox 638 1731 664 1808; x_wconf 92' lang='lat' dir='ltr'>J</span> <span class='ocrx_word' id='word_1_64' title='bbox 666 1753 787 1808; x_wconf 87' lang='lat' dir='ltr'><strong>caune</strong></span> <span class='ocrx_word' id='word_1_65' title='bbox 806 1729 912 1828; x_wconf 89' lang='lat' dir='ltr'><strong>Rege</strong></span> <span class='ocrx_word' id='word_1_66' title='bbox 931 1731 980 1807; x_wconf 93' lang='lat' dir='ltr'><strong>ad</strong></span> <span class='ocrx_word' id='word_1_67' title='bbox 998 1730 1154 1806; x_wconf 92' lang='lat' dir='ltr'><strong>Budam.</strong></span> 
     </span>
    </p>

    <p class='ocr_par' dir='ltr' id='par_1_3' title="bbox 401 1839 1539 2714">
     <span class='ocr_line' id='line_1_11' title="bbox 515 1839 1537 1954; baseline -0.002 -19"><span class='ocrx_word' id='word_1_68' title='bbox 515 1859 600 1936; x_wconf 92' lang='lat' dir='ltr'><strong>Rex</strong></span> <span class='ocrx_word' id='word_1_69' title='bbox 619 1857 737 1954; x_wconf 90' lang='lat' dir='ltr'><strong>elegit</strong></span> <span class='ocrx_word' id='word_1_70' title='bbox 754 1858 887 1933; x_wconf 86' lang='lat' dir='ltr'><strong>iterum</strong></span> <span class='ocrx_word' id='word_1_71' title='bbox 914 1856 1016 1932; x_wconf 90' lang='lat' dir='ltr'><strong>circa</strong></span> <span class='ocrx_word' id='word_1_72' title='bbox 1034 1853 1214 1932; x_wconf 79' lang='lat' dir='ltr'><strong>Cesaram</strong></span> <span class='ocrx_word' id='word_1_73' title='bbox 1233 1839 1444 1930; x_wconf 79' lang='lat' dir='ltr'><strong>Turearum</strong></span> <span class='ocrx_word' id='word_1_74' title='bbox 1466 1857 1537 1933; x_wconf 91' lang='lat' dir='ltr'><strong>do-</strong></span> 
     </span>
     <span class='ocr_line' id='line_1_12' title="bbox 410 1979 1537 2082; baseline -0.004 -20"><span class='ocrx_word' id='word_1_75' title='bbox 410 1985 547 2062; x_wconf 91' lang='lat' dir='ltr'><strong>minum</strong></span> <span class='ocrx_word' id='word_1_76' title='bbox 565 1985 852 2082; x_wconf 79' lang='lat' dir='ltr'><strong>gubernatorem</strong></span> <span class='ocrx_word' id='word_1_77' title='bbox 872 1979 1048 2078; x_wconf 76' lang='lat' dir='ltr'><strong>Grittim3</strong></span> <span class='ocrx_word' id='word_1_78' title='bbox 1067 1987 1106 2056; x_wconf 90' lang='lat' dir='ltr'><strong>et</strong></span> <span class='ocrx_word' id='word_1_79' title='bbox 1123 1979 1224 2056; x_wconf 91' lang='lat' dir='ltr'><strong>dedit</strong></span> <span class='ocrx_word' id='word_1_80' title='bbox 1232 1979 1282 2056; x_wconf 89' lang='lat' dir='ltr'><strong>ad</strong></span> <span class='ocrx_word' id='word_1_81' title='bbox 1290 2001 1423 2056; x_wconf 87' lang='lat' dir='ltr'><strong>manus</strong></span> <span class='ocrx_word' id='word_1_82' title='bbox 1443 1979 1537 2058; x_wconf 88' lang='lat' dir='ltr'><strong>Rex</strong></span> 
     </span>
     <span class='ocr_line' id='line_1_13' title="bbox 410 2095 1539 2207; baseline -0.004 -17"><span class='ocrx_word' id='word_1_83' title='bbox 410 2113 579 2190; x_wconf 85' lang='lat' dir='ltr'><strong>Joannes</strong></span> <span class='ocrx_word' id='word_1_84' title='bbox 596 2135 708 2188; x_wconf 83' lang='lat' dir='ltr'><strong>unam</strong></span> <span class='ocrx_word' id='word_1_85' title='bbox 727 2111 861 2187; x_wconf 87' lang='lat' dir='ltr'><strong>sellam</strong></span> <span class='ocrx_word' id='word_1_86' title='bbox 881 2108 992 2186; x_wconf 87' lang='lat' dir='ltr'><strong>valde</strong></span> <span class='ocrx_word' id='word_1_87' title='bbox 1010 2095 1238 2207; x_wconf 86' lang='lat' dir='ltr'><strong>preciosam,</strong></span> <span class='ocrx_word' id='word_1_88' title='bbox 1269 2130 1379 2205; x_wconf 89' lang='lat' dir='ltr'><strong>quam</strong></span> <span class='ocrx_word' id='word_1_89' title='bbox 1407 2109 1539 2186; x_wconf 80' lang='lat' dir='ltr'><strong>fertur</strong></span> 
     </span>
     <span class='ocr_line' id='line_1_14' title="bbox 409 2234 1538 2339; baseline -0.004 -23"><span class='ocrx_word' id='word_1_90' title='bbox 409 2240 550 2318; x_wconf 78' lang='lat' dir='ltr'><strong>dixisse</strong></span> <span class='ocrx_word' id='word_1_91' title='bbox 570 2239 790 2339; x_wconf 89' lang='lat' dir='ltr'><strong>preualebat</strong></span> <span class='ocrx_word' id='word_1_92' title='bbox 808 2235 1048 2336; x_wconf 80' lang='lat' dir='ltr'><strong>septuaginta</strong></span> <span class='ocrx_word' id='word_1_93' title='bbox 1067 2235 1228 2333; x_wconf 91' lang='lat' dir='ltr'><strong>quinque</strong></span> <span class='ocrx_word' id='word_1_94' title='bbox 1247 2235 1353 2310; x_wconf 91' lang='lat' dir='ltr'><strong>milia</strong></span> <span class='ocrx_word' id='word_1_95' title='bbox 1370 2234 1538 2312; x_wconf 79' lang='lat' dir='ltr'><strong>markas</strong></span> 
     </span>
     <span class='ocr_line' id='line_1_15' title="bbox 401 2361 1518 2458; baseline -0.004 -14"><span class='ocrx_word' id='word_1_96' title='bbox 401 2367 447 2444; x_wconf 80' lang='lat' dir='ltr'><strong>¹in</strong></span> <span class='ocrx_word' id='word_1_97' title='bbox 465 2367 601 2443; x_wconf 89' lang='lat' dir='ltr'><strong>donum</strong></span> <span class='ocrx_word' id='word_1_98' title='bbox 620 2364 775 2443; x_wconf 79' lang='lat' dir='ltr'><strong>Cesaris</strong></span> <span class='ocrx_word' id='word_1_99' title='bbox 794 2363 1015 2458; x_wconf 75' lang='lat' dir='ltr'><strong>Taenarum,</strong></span> <span class='ocrx_word' id='word_1_100' title='bbox 1036 2369 1077 2436; x_wconf 90' lang='lat' dir='ltr'><strong>vt</strong></span> <span class='ocrx_word' id='word_1_101' title='bbox 1094 2385 1140 2437; x_wconf 86' lang='lat' dir='ltr'><strong>ne</strong></span> <span class='ocrx_word' id='word_1_102' title='bbox 1160 2361 1332 2440; x_wconf 88' lang='lat' dir='ltr'><strong>amiteret</strong></span> <span class='ocrx_word' id='word_1_103' title='bbox 1349 2384 1434 2438; x_wconf 91' lang='lat' dir='ltr'><strong>eum</strong></span> <span class='ocrx_word' id='word_1_104' title='bbox 1452 2362 1518 2440; x_wconf 90' lang='lat' dir='ltr'><strong>Re</strong></span> 
     </span>
     <span class='ocr_line' id='line_1_16' title="bbox 409 2489 1533 2592; baseline -0.006 -21"><span class='ocrx_word' id='word_1_105' title='bbox 409 2517 494 2592; x_wconf 87' lang='lat' dir='ltr'><strong>gem</strong></span> <span class='ocrx_word' id='word_1_106' title='bbox 522 2494 548 2572; x_wconf 87' lang='lat' dir='ltr'>J</span> <span class='ocrx_word' id='word_1_107' title='bbox 551 2515 708 2570; x_wconf 86' lang='lat' dir='ltr'><strong>oannem</strong></span> <span class='ocrx_word' id='word_1_108' title='bbox 735 2492 775 2568; x_wconf 93' lang='lat' dir='ltr'><strong>in</strong></span> <span class='ocrx_word' id='word_1_109' title='bbox 802 2513 977 2588; x_wconf 86' lang='lat' dir='ltr'><strong>magnam</strong></span> <span class='ocrx_word' id='word_1_110' title='bbox 1004 2489 1218 2589; x_wconf 87' lang='lat' dir='ltr'><strong>perniciem.</strong></span> <span class='ocrx_word' id='word_1_111' title='bbox 1249 2489 1434 2566; x_wconf 84' lang='lat' dir='ltr'><strong>Dominus</strong></span> <span class='ocrx_word' id='word_1_112' title='bbox 1458 2513 1533 2585; x_wconf 89' lang='lat' dir='ltr'><strong>gn·</strong></span> 
     </span>
     <span class='ocr_line' id='line_1_17' title="bbox 408 2595 1534 2714; baseline -0.008 -13"><span class='ocrx_word' id='word_1_113' title='bbox 408 2625 586 2701; x_wconf 87' lang='lat' dir='ltr'><strong>bernatur</strong></span> <span class='ocrx_word' id='word_1_114' title='bbox 614 2618 775 2696; x_wconf 88' lang='lat' dir='ltr'><strong>cucurrit</strong></span> <span class='ocrx_word' id='word_1_115' title='bbox 810 2617 991 2694; x_wconf 87' lang='lat' dir='ltr'><strong>velociter</strong></span> <span class='ocrx_word' id='word_1_116' title='bbox 1028 2638 1121 2714; x_wconf 83' lang='lat' dir='ltr'><strong>erga</strong></span> <span class='ocrx_word' id='word_1_117' title='bbox 1149 2613 1328 2694; x_wconf 83' lang='lat' dir='ltr'><strong>Cesaram</strong></span> <span class='ocrx_word' id='word_1_118' title='bbox 1356 2635 1439 2692; x_wconf 91' lang='lat' dir='ltr'><strong>cum</strong></span> <span class='ocrx_word' id='word_1_119' title='bbox 1472 2595 1534 2694; x_wconf 83' lang='lat' dir='ltr'><strong>re-</strong></span> 
     </span>
    </p>
   </div>
   <div class='ocr_carea' id='block_1_3' title="bbox 259 2745 1534 2849">
    <p class='ocr_par' dir='ltr' id='par_1_4' title="bbox 259 2745 1534 2849">
     <span class='ocr_line' id='line_1_18' title="bbox 259 2745 1534 2849; baseline -0.005 -21"><span class='ocrx_word' id='word_1_120' title='bbox 259 2763 265 2772; x_wconf 90' lang='grc'><strong>’</strong></span> <span class='ocrx_word' id='word_1_121' title='bbox 410 2757 557 2849; x_wconf 84' lang='lat' dir='ltr'><strong>sumpto</strong></span> <span class='ocrx_word' id='word_1_122' title='bbox 577 2749 722 2842; x_wconf 88' lang='lat' dir='ltr'><strong>animo,</strong></span> <span class='ocrx_word' id='word_1_123' title='bbox 751 2753 789 2822; x_wconf 92' lang='lat' dir='ltr'><strong>et</strong></span> <span class='ocrx_word' id='word_1_124' title='bbox 808 2769 920 2823; x_wconf 90' lang='lat' dir='ltr'><strong>vnum</strong></span> <span class='ocrx_word' id='word_1_125' title='bbox 939 2745 1119 2822; x_wconf 87' lang='lat' dir='ltr'><strong>vexillum</strong></span> <span class='ocrx_word' id='word_1_126' title='bbox 1140 2767 1254 2849; x_wconf 85' lang='lat' dir='ltr'><strong>supra</strong></span> <span class='ocrx_word' id='word_1_127' title='bbox 1273 2745 1446 2842; x_wconf 78' lang='lat' dir='ltr'><strong>erigebat</strong></span> <span class='ocrx_word' id='word_1_128' title='bbox 1468 2769 1534 2822; x_wconf 89' lang='lat' dir='ltr'><strong>cu·</strong></span> 
     </span>
    </p>
   </div>
   <div class='ocr_carea' id='block_1_4' title="bbox 409 2871 1538 4878">
    <p class='ocr_par' dir='ltr' id='par_1_5' title="bbox 409 2871 1535 3606">
     <span class='ocr_line' id='line_1_19' title="bbox 409 2871 1535 2974; baseline -0.003 -23"><span class='ocrx_word' id='word_1_129' title='bbox 409 2899 489 2953; x_wconf 92' lang='lat' dir='ltr'><strong>ram</strong></span> <span class='ocrx_word' id='word_1_130' title='bbox 507 2881 620 2974; x_wconf 89' lang='lat' dir='ltr'><strong>gente</strong></span> <span class='ocrx_word' id='word_1_131' title='bbox 638 2897 709 2952; x_wconf 88' lang='lat' dir='ltr'><strong>sua</strong></span> <span class='ocrx_word' id='word_1_132' title='bbox 728 2873 775 2950; x_wconf 92' lang='lat' dir='ltr'><strong>ad</strong></span> <span class='ocrx_word' id='word_1_133' title='bbox 793 2873 864 2949; x_wconf 91' lang='lat' dir='ltr'><strong>iter</strong></span> <span class='ocrx_word' id='word_1_134' title='bbox 883 2873 1055 2969; x_wconf 81' lang='lat' dir='ltr'><strong>Regnum</strong></span> <span class='ocrx_word' id='word_1_135' title='bbox 1084 2871 1232 2948; x_wconf 83' lang='lat' dir='ltr'><strong>Turcis.</strong></span> <span class='ocrx_word' id='word_1_136' title='bbox 1261 2871 1355 2948; x_wconf 84' lang='lat' dir='ltr'><strong>Erat</strong></span> <span class='ocrx_word' id='word_1_137' title='bbox 1378 2893 1464 2971; x_wconf 84' lang='lat' dir='ltr'><strong>cum</strong></span> <span class='ocrx_word' id='word_1_138' title='bbox 1488 2897 1535 2948; x_wconf 89' lang='lat' dir='ltr'><strong>eo</strong></span> 
     </span>
     <span class='ocr_line' id='line_1_20' title="bbox 409 2995 1532 3100; baseline -0.005 -20"><span class='ocrx_word' id='word_1_139' title='bbox 409 3005 449 3080; x_wconf 93' lang='lat' dir='ltr'><strong>in</strong></span> <span class='ocrx_word' id='word_1_140' title='bbox 475 3003 669 3100; x_wconf 81' lang='lat' dir='ltr'><strong>legacione</strong></span> <span class='ocrx_word' id='word_1_141' title='bbox 697 3024 767 3078; x_wconf 88' lang='lat' dir='ltr'><strong>sua</strong></span> <span class='ocrx_word' id='word_1_142' title='bbox 794 3000 963 3078; x_wconf 87' lang='lat' dir='ltr'><strong>Joannea</strong></span> <span class='ocrx_word' id='word_1_143' title='bbox 991 2999 1105 3095; x_wconf 84' lang='lat' dir='ltr'><strong>Deci,</strong></span> <span class='ocrx_word' id='word_1_144' title='bbox 1142 2997 1360 3078; x_wconf 84' lang='lat' dir='ltr'><strong>Jercnimua</strong></span> <span class='ocrx_word' id='word_1_145' title='bbox 1387 2995 1532 3094; x_wconf 80' lang='lat' dir='ltr'><strong>Lacki,</strong></span> 
     </span>
     <span class='ocr_line' id='line_1_21' title="bbox 411 3123 1534 3228; baseline -0.006 -21"><span class='ocrx_word' id='word_1_146' title='bbox 411 3129 589 3208; x_wconf 86' lang='lat' dir='ltr'><strong>Vrbauns</strong></span> <span class='ocrx_word' id='word_1_147' title='bbox 617 3128 802 3228; x_wconf 84' lang='lat' dir='ltr'><strong>Batyani‚</strong></span> <span class='ocrx_word' id='word_1_148' title='bbox 831 3125 950 3203; x_wconf 85' lang='lat' dir='ltr'><strong>etsie</strong></span> <span class='ocrx_word' id='word_1_149' title='bbox 978 3127 1046 3202; x_wconf 93' lang='lat' dir='ltr'><strong>alii</strong></span> <span class='ocrx_word' id='word_1_150' title='bbox 1074 3124 1119 3202; x_wconf 92' lang='lat' dir='ltr'><strong>de</strong></span> <span class='ocrx_word' id='word_1_151' title='bbox 1144 3123 1344 3222; x_wconf 90' lang='lat' dir='ltr'><strong>Hungaria</strong></span> <span class='ocrx_word' id='word_1_152' title='bbox 1370 3147 1454 3202; x_wconf 89' lang='lat' dir='ltr'><strong>cum</strong></span> <span class='ocrx_word' id='word_1_153' title='bbox 1487 3149 1534 3201; x_wconf 90' lang='lat' dir='ltr'><strong>ec</strong></span> 
     </span>
     <span class='ocr_line' id='line_1_22' title="bbox 411 3252 1534 3352; baseline 0 -20"><span class='ocrx_word' id='word_1_154' title='bbox 411 3255 519 3332; x_wconf 92' lang='lat' dir='ltr'><strong>multi</strong></span> <span class='ocrx_word' id='word_1_155' title='bbox 537 3255 692 3334; x_wconf 90' lang='lat' dir='ltr'><strong>abibant</strong></span> <span class='ocrx_word' id='word_1_156' title='bbox 709 3255 854 3332; x_wconf 83' lang='lat' dir='ltr'><strong>mixtim</strong></span> <span class='ocrx_word' id='word_1_157' title='bbox 872 3277 955 3331; x_wconf 90' lang='lat' dir='ltr'><strong>cum</strong></span> <span class='ocrx_word' id='word_1_158' title='bbox 975 3253 1122 3330; x_wconf 82' lang='lat' dir='ltr'><strong>Turcis.</strong></span> <span class='ocrx_word' id='word_1_159' title='bbox 1153 3253 1205 3329; x_wconf 86' lang='lat' dir='ltr'><strong>Et</strong></span> <span class='ocrx_word' id='word_1_160' title='bbox 1222 3253 1359 3352; x_wconf 91' lang='lat' dir='ltr'><strong>partim</strong></span> <span class='ocrx_word' id='word_1_161' title='bbox 1378 3252 1534 3332; x_wconf 89' lang='lat' dir='ltr'><strong>anthiu-</strong></span> 
     </span>
     <span class='ocr_line' id='line_1_23' title="bbox 411 3377 1534 3472; baseline -0.004 -12"><span class='ocrx_word' id='word_1_162' title='bbox 411 3383 473 3460; x_wconf 84' lang='lat' dir='ltr'><strong>kis</strong></span> <span class='ocrx_word' id='word_1_163' title='bbox 492 3381 590 3459; x_wconf 91' lang='lat' dir='ltr'><strong>inter</strong></span> <span class='ocrx_word' id='word_1_164' title='bbox 608 3404 650 3459; x_wconf 90' lang='lat' dir='ltr'><strong>se</strong></span> <span class='ocrx_word' id='word_1_165' title='bbox 670 3383 960 3472; x_wconf 80' lang='lat' dir='ltr'><strong>exercebantur,</strong></span> <span class='ocrx_word' id='word_1_166' title='bbox 990 3387 1027 3456; x_wconf 93' lang='lat' dir='ltr'><strong>et</strong></span> <span class='ocrx_word' id='word_1_167' title='bbox 1054 3379 1170 3458; x_wconf 80' lang='lat' dir='ltr'><strong>Terei</strong></span> <span class='ocrx_word' id='word_1_168' title='bbox 1195 3381 1334 3457; x_wconf 87' lang='lat' dir='ltr'><strong>Bauum</strong></span> <span class='ocrx_word' id='word_1_169' title='bbox 1354 3379 1401 3456; x_wconf 88' lang='lat' dir='ltr'><strong>de</strong></span> <span class='ocrx_word' id='word_1_170' title='bbox 1419 3377 1534 3457; x_wconf 87' lang='lat' dir='ltr'><strong>Hun-</strong></span> 
     </span>
     <span class='ocr_line' id='line_1_24' title="bbox 411 3507 1144 3606; baseline -0.007 -18"><span class='ocrx_word' id='word_1_171' title='bbox 411 3510 516 3606; x_wconf 89' lang='lat' dir='ltr'><strong>garis</strong></span> <span class='ocrx_word' id='word_1_172' title='bbox 534 3531 682 3587; x_wconf 89' lang='lat' dir='ltr'><strong>rursum</strong></span> <span class='ocrx_word' id='word_1_173' title='bbox 701 3509 977 3588; x_wconf 87' lang='lat' dir='ltr'><strong>exercebabant</strong></span> <span class='ocrx_word' id='word_1_174' title='bbox 995 3509 1034 3584; x_wconf 94' lang='lat' dir='ltr'><strong>in</strong></span> <span class='ocrx_word' id='word_1_175' title='bbox 1053 3507 1144 3586; x_wconf 87' lang='lat' dir='ltr'><strong>dies.</strong></span> 
     </span>
    </p>

    <p class='ocr_par' dir='ltr' id='par_1_6' title="bbox 409 3619 1538 4751">
     <span class='ocr_line' id='line_1_25' title="bbox 519 3619 1536 3736; baseline 0.002 -24"><span class='ocrx_word' id='word_1_176' title='bbox 519 3635 571 3712; x_wconf 86' lang='lat' dir='ltr'><strong>Et</strong></span> <span class='ocrx_word' id='word_1_177' title='bbox 588 3637 745 3736; x_wconf 90' lang='lat' dir='ltr'><strong>pusthec</strong></span> <span class='ocrx_word' id='word_1_178' title='bbox 764 3635 847 3712; x_wconf 87' lang='lat' dir='ltr'><strong>Rex</strong></span> <span class='ocrx_word' id='word_1_179' title='bbox 872 3637 990 3713; x_wconf 85' lang='lat' dir='ltr'><strong>eciam</strong></span> <span class='ocrx_word' id='word_1_180' title='bbox 1018 3619 1236 3735; x_wconf 81' lang='lat' dir='ltr'><strong>preparauit</strong></span> <span class='ocrx_word' id='word_1_181' title='bbox 1252 3657 1337 3712; x_wconf 86' lang='lat' dir='ltr'><strong>sese</strong></span> <span class='ocrx_word' id='word_1_182' title='bbox 1356 3633 1402 3712; x_wconf 93' lang='lat' dir='ltr'><strong>de</strong></span> <span class='ocrx_word' id='word_1_183' title='bbox 1421 3635 1536 3714; x_wconf 85' lang='lat' dir='ltr'><strong>Buda</strong></span> 
     </span>
     <span class='ocr_line' id='line_1_26' title="bbox 412 3743 1535 3860; baseline 0 -22"><span class='ocrx_word' id='word_1_184' title='bbox 412 3761 637 3842; x_wconf 78' lang='lat' dir='ltr'><strong>descendere</strong></span> <span class='ocrx_word' id='word_1_185' title='bbox 665 3786 797 3841; x_wconf 88' lang='lat' dir='ltr'><strong>versus</strong></span> <span class='ocrx_word' id='word_1_186' title='bbox 825 3743 1082 3840; x_wconf 75' lang='lat' dir='ltr'><strong>Themeswar.</strong></span> <span class='ocrx_word' id='word_1_187' title='bbox 1111 3761 1203 3838; x_wconf 90' lang='lat' dir='ltr'><strong>Inde</strong></span> <span class='ocrx_word' id='word_1_188' title='bbox 1232 3761 1347 3860; x_wconf 88' lang='lat' dir='ltr'><strong>elegit</strong></span> <span class='ocrx_word' id='word_1_189' title='bbox 1373 3763 1411 3838; x_wconf 92' lang='lat' dir='ltr'><strong>in</strong></span> <span class='ocrx_word' id='word_1_190' title='bbox 1441 3786 1535 3840; x_wconf 88' lang='lat' dir='ltr'><strong>arce</strong></span> 
     </span>
     <span class='ocr_line' id='line_1_27' title="bbox 413 3887 1535 3990; baseline 0.002 -26"><span class='ocrx_word' id='word_1_191' title='bbox 413 3887 520 3966; x_wconf 85' lang='lat' dir='ltr'><strong>Bada</strong></span> <span class='ocrx_word' id='word_1_192' title='bbox 537 3887 745 3968; x_wconf 88' lang='lat' dir='ltr'><strong>Literatum</strong></span> <span class='ocrx_word' id='word_1_193' title='bbox 772 3887 973 3990; x_wconf 86' lang='lat' dir='ltr'><strong>Symcnem</strong></span> <span class='ocrx_word' id='word_1_194' title='bbox 1001 3889 1205 3984; x_wconf 90' lang='lat' dir='ltr'><strong>latronem,</strong></span> <span class='ocrx_word' id='word_1_195' title='bbox 1225 3897 1263 3965; x_wconf 90' lang='lat' dir='ltr'><strong>at</strong></span> <span class='ocrx_word' id='word_1_196' title='bbox 1276 3892 1387 3988; x_wconf 89' lang='lat' dir='ltr'><strong>juxta</strong></span> <span class='ocrx_word' id='word_1_197' title='bbox 1404 3889 1535 3988; x_wconf 87' lang='lat' dir='ltr'><strong>ipsum</strong></span> 
     </span>
     <span class='ocr_line' id='line_1_28' title="bbox 414 4013 1536 4118; baseline -0.002 -24"><span class='ocrx_word' id='word_1_198' title='bbox 414 4013 637 4113; x_wconf 71' lang='lat' dir='ltr'><strong>(tragurium</strong></span> <span class='ocrx_word' id='word_1_199' title='bbox 665 4017 868 4118; x_wconf 84' lang='lat' dir='ltr'><strong>Pestieny,</strong></span> <span class='ocrx_word' id='word_1_200' title='bbox 897 4025 935 4092; x_wconf 91' lang='lat' dir='ltr'><strong>et</strong></span> <span class='ocrx_word' id='word_1_201' title='bbox 963 4017 1183 4093; x_wconf 88' lang='lat' dir='ltr'><strong>monachum</strong></span> <span class='ocrx_word' id='word_1_202' title='bbox 1211 4015 1455 4094; x_wconf 60' lang='lat' dir='ltr'><strong>&amp;anciacum</strong></span> <span class='ocrx_word' id='word_1_203' title='bbox 1486 4017 1536 4094; x_wconf 87' lang='lat' dir='ltr'><strong>de</strong></span> 
     </span>
     <span class='ocr_line' id='line_1_29' title="bbox 414 4141 1538 4246; baseline 0.001 -29"><span class='ocrx_word' id='word_1_204' title='bbox 414 4141 734 4244; x_wconf 80' lang='lat' dir='ltr'><strong>Fraukapanibua</strong></span> <span class='ocrx_word' id='word_1_205' title='bbox 753 4150 791 4219; x_wconf 92' lang='lat' dir='ltr'><strong>et</strong></span> <span class='ocrx_word' id='word_1_206' title='bbox 809 4143 994 4220; x_wconf 88' lang='lat' dir='ltr'><strong>dominum</strong></span> <span class='ocrx_word' id='word_1_207' title='bbox 1015 4141 1246 4242; x_wconf 84' lang='lat' dir='ltr'><strong>Stephanum</strong></span> <span class='ocrx_word' id='word_1_208' title='bbox 1258 4141 1474 4246; x_wconf 77' lang='lat' dir='ltr'><strong>Verbwcbi‚</strong></span> <span class='ocrx_word' id='word_1_209' title='bbox 1498 4153 1538 4220; x_wconf 84' lang='lat' dir='ltr'><strong>et</strong></span> 
     </span>
     <span class='ocr_line' id='line_1_30' title="bbox 409 4270 1537 4385; baseline -0.002 -37"><span class='ocrx_word' id='word_1_210' title='bbox 409 4293 496 4385; x_wconf 72' lang='lat' dir='ltr'><strong>¹teum</strong></span> <span class='ocrx_word' id='word_1_211' title='bbox 522 4273 579 4349; x_wconf 90' lang='lat' dir='ltr'><strong>eis</strong></span> <span class='ocrx_word' id='word_1_212' title='bbox 615 4271 722 4348; x_wconf 90' lang='lat' dir='ltr'><strong>multi</strong></span> <span class='ocrx_word' id='word_1_213' title='bbox 759 4271 899 4349; x_wconf 90' lang='lat' dir='ltr'><strong>milites</strong></span> <span class='ocrx_word' id='word_1_214' title='bbox 938 4270 1205 4368; x_wconf 88' lang='lat' dir='ltr'><strong>Hungarorum</strong></span> <span class='ocrx_word' id='word_1_215' title='bbox 1243 4283 1537 4371; x_wconf 88' lang='lat' dir='ltr'><strong>permanserunt</strong></span> 
     </span>
     <span class='ocr_line' id='line_1_31' title="bbox 414 4377 1535 4498; baseline 0 -24"><span class='ocrx_word' id='word_1_216' title='bbox 414 4399 581 4476; x_wconf 87' lang='lat' dir='ltr'><strong>cumeis.</strong></span> <span class='ocrx_word' id='word_1_217' title='bbox 612 4398 663 4474; x_wconf 86' lang='lat' dir='ltr'><strong>Et</strong></span> <span class='ocrx_word' id='word_1_218' title='bbox 689 4397 770 4474; x_wconf 86' lang='lat' dir='ltr'><strong>Rex</strong></span> <span class='ocrx_word' id='word_1_219' title='bbox 799 4397 890 4476; x_wconf 91' lang='lat' dir='ltr'><strong>mihi</strong></span> <span class='ocrx_word' id='word_1_220' title='bbox 918 4377 1047 4496; x_wconf 86' lang='lat' dir='ltr'><strong>iussit,</strong></span> <span class='ocrx_word' id='word_1_221' title='bbox 1077 4407 1117 4474; x_wconf 88' lang='lat' dir='ltr'><strong>vt</strong></span> <span class='ocrx_word' id='word_1_222' title='bbox 1144 4401 1177 4476; x_wconf 91' lang='lat' dir='ltr'><strong>si</strong></span> <span class='ocrx_word' id='word_1_223' title='bbox 1204 4398 1332 4498; x_wconf 87' lang='lat' dir='ltr'><strong>aliqua</strong></span> <span class='ocrx_word' id='word_1_224' title='bbox 1359 4397 1535 4498; x_wconf 87' lang='lat' dir='ltr'><strong>prodicic</strong></span> 
     </span>
     <span class='ocr_line' id='line_1_32' title="bbox 414 4525 1536 4623; baseline -0.003 -19"><span class='ocrx_word' id='word_1_225' title='bbox 414 4531 586 4604; x_wconf 83' lang='lat' dir='ltr'><strong>nasceret</strong></span> <span class='ocrx_word' id='word_1_226' title='bbox 613 4525 710 4602; x_wconf 91' lang='lat' dir='ltr'><strong>inter</strong></span> <span class='ocrx_word' id='word_1_227' title='bbox 741 4547 802 4610; x_wconf 76' lang='lat' dir='ltr'><strong>se,</strong></span> <span class='ocrx_word' id='word_1_228' title='bbox 832 4533 873 4600; x_wconf 84' lang='lat' dir='ltr'><strong>vt</strong></span> <span class='ocrx_word' id='word_1_229' title='bbox 899 4548 969 4622; x_wconf 88' lang='lat' dir='ltr'><strong>ego</strong></span> <span class='ocrx_word' id='word_1_230' title='bbox 997 4525 1205 4602; x_wconf 90' lang='lat' dir='ltr'><strong>intimarem</strong></span> <span class='ocrx_word' id='word_1_231' title='bbox 1224 4525 1262 4600; x_wconf 91' lang='lat' dir='ltr'><strong>iu</strong></span> <span class='ocrx_word' id='word_1_232' title='bbox 1281 4525 1419 4602; x_wconf 88' lang='lat' dir='ltr'><strong>litteris</strong></span> <span class='ocrx_word' id='word_1_233' title='bbox 1437 4547 1536 4623; x_wconf 88' lang='lat' dir='ltr'><strong>erga</strong></span> 
     </span>
     <span class='ocr_line' id='line_1_33' title="bbox 413 4652 1151 4751; baseline -0.004 -21"><span class='ocrx_word' id='word_1_234' title='bbox 413 4677 507 4750; x_wconf 88' lang='lat' dir='ltr'><strong>eum,</strong></span> <span class='ocrx_word' id='word_1_235' title='bbox 529 4676 588 4729; x_wconf 89' lang='lat' dir='ltr'><strong>me</strong></span> <span class='ocrx_word' id='word_1_236' title='bbox 607 4653 778 4751; x_wconf 92' lang='lat' dir='ltr'><strong>permisit</strong></span> <span class='ocrx_word' id='word_1_237' title='bbox 795 4652 835 4731; x_wconf 94' lang='lat' dir='ltr'><strong>in</strong></span> <span class='ocrx_word' id='word_1_238' title='bbox 854 4677 977 4730; x_wconf 90' lang='lat' dir='ltr'><strong>arcem</strong></span> <span class='ocrx_word' id='word_1_239' title='bbox 998 4653 1151 4736; x_wconf 86' lang='lat' dir='ltr'><strong>Budam.</strong></span> 
     </span>
    </p>

    <p class='ocr_par' dir='ltr' id='par_1_7' title="bbox 522 4775 1533 4878">
     <span class='ocr_line' id='line_1_34' title="bbox 522 4775 1533 4878; baseline 0.004 -26"><span class='ocrx_word' id='word_1_240' title='bbox 522 4777 663 4878; x_wconf 84' lang='lat' dir='ltr'><strong>Symcn</strong></span> <span class='ocrx_word' id='word_1_241' title='bbox 690 4775 881 4857; x_wconf 87' lang='lat' dir='ltr'><strong>Literatus</strong></span> <span class='ocrx_word' id='word_1_242' title='bbox 908 4803 965 4856; x_wconf 90' lang='lat' dir='ltr'><strong>me</strong></span> <span class='ocrx_word' id='word_1_243' title='bbox 993 4780 1104 4856; x_wconf 89' lang='lat' dir='ltr'><strong>valde</strong></span> <span class='ocrx_word' id='word_1_244' title='bbox 1132 4780 1247 4856; x_wconf 88' lang='lat' dir='ltr'><strong>mein</strong></span> <span class='ocrx_word' id='word_1_245' title='bbox 1267 4803 1331 4856; x_wconf 88' lang='lat' dir='ltr'><strong>oso</strong></span> <span class='ocrx_word' id='word_1_246' title='bbox 1351 4777 1533 4858; x_wconf 87' lang='lat' dir='ltr'><strong>habebat.</strong></span> 
     </span>
    </p>
   </div>
   <div class='ocr_carea' id='block_1_5' title="bbox 0 0 1635 5228">
    <p class='ocr_par' dir='ltr' id='par_1_8' title="bbox 0 0 1635 5228">
     <span class='ocr_line' id='line_1_35' title="bbox 0 0 1635 5228; baseline 0 0"><span class='ocrx_word' id='word_1_247' title='bbox 0 0 1635 5228; x_wconf 95' lang='lat' dir='ltr'><strong> </strong></span> 
     </span>
    </p>
   </div>
  </div>
 </body>
</html>
