3238 5228
1127 479 1205 557 273

115 681 360 778 coqnianostra
370 680 549 756 ambabus
560 677 666 753 ohliti
675 677 814 753 fuimus
827 679 918 752 mihi
929 680 1125 754 restituere
1135 679 1205 753 ali·

19 835 20 848 ¹
112 805 191 881 cian.
211 807 258 882 ad
277 827 410 881 manus
429 827 538 898 suas;
560 804 696 900 etipse
716 803 856 878 amicus
875 827 977 878 meus
997 810 1163 899 repetere
1184 827 1205 876 a

19 929 20 1010 Ϊ
112 956 167 1006 me.
179 931 265 1006 Ideo
276 953 363 1008 ecce
374 952 521 1005 rursum
532 934 679 1027 portate
690 927 764 1004 sibi
782 925 831 1002 ad
849 929 1041 1004 restituen.
1062 929 1110 1003 ad
1128 953 1205 1004 ma-

110 1083 167 1134 nus
191 1055 427 1134 fideliter'ad
455 1062 618 1131 vestram
646 1053 792 1132 fidem.“
825 1055 874 1130 Et
892 1056 992 1131 dedit
1010 1056 1058 1131 ad
1075 1078 1207 1131 manus

109 1185 366 1284 archiepiscopi
377 1181 689 1258 Pauli.Attamen
698 1182 775 1280 ipsi
785 1181 980 1258 Inmaelite
991 1206 1077 1258 mox
1087 1181 1207 1282 Hym-

107 1313 212 1388 braim
229 1315 369 1406 basse,
390 1309 622 1402 Aiazbassa,
643 1309 818 1386 Mehmed
837 1310 994 1408 quilibet
1020 1310 1152 1386 habuit
1169 1309 1208 1383 in

108 1440 213 1536 capite
242 1459 382 1514 corum.
412 1437 461 1510 Et
487 1436 591 1533 prius
618 1433 739 1511 Cesar
766 1436 870 1513 solus
897 1436 938 1510 in
965 1443 1075 1533 caput
1101 1457 1207 1512 suum

108 1571 340 1662 apposuerat,
361 1570 399 1636 et
415 1569 548 1660 postea
567 1559 789 1656 singillatim
817 1552 976 1659 predicti
994 1563 1105 1639 basse
1126 1563 1206 1660 qui-

19 1751 20 1760 ,
109 1691 188 1766 libet
205 1691 336 1768 habuit
353 1691 393 1765 in
411 1689 546 1788 eapite.
566 1689 669 1786 Ergo
688 1687 808 1765 Cesar
825 1689 1067 1766 fefellebatin
1083 1690 1209 1766 verbis

19 1819 20 1846 ³
111 1818 177 1893 suis
210 1813 458 1919 me(n)daoiis.
496 1816 546 1890 Et
582 1816 638 1891 sio
673 1817 905 1914 presenteuit
935 1817 1038 1893 solus
1067 1817 1210 1892 Paulus

110 1942 397 2040 archiepiscopus
417 1941 465 2015 ad
483 1964 615 2017 manus
644 1941 741 2037 Regi
769 1941 931 2018 Joannis
949 1967 1136 2020 coronam.
1162 1941 1211 2017 Et

19 2159 20 2168 Ν
105 2071 172 2164 jam
189 2077 275 2146 sunt
294 2069 498 2145 concordes
517 2069 555 2144 in
575 2069 692 2162 facie,
713 2075 877 2144 attamen
894 2069 936 2144 in
954 2069 1065 2145 corde
1085 2091 1211 2148 eorum

19 2181 20 2218 ¹
110 2197 248 2292 alonge
269 2199 388 2270 erant.

201 2321 250 2397 Et
269 2329 403 2421 postea
431 2319 551 2396 Cesar
578 2319 714 2396 Zoltan
741 2321 860 2396 Zelim
886 2330 1054 2398 mouerat
1072 2345 1155 2401 sese
1173 2323 1212 2398 iu

19 2461 21 2516 l
111 2447 147 2520 le
174 2449 268 2526 festo
298 2447 474 2548 Symonis
501 2455 539 2522 et
567 2446 688 2522 Judee
715 2468 848 2523 versus
876 2425 1022 2524 domum
1042 2471 1148 2529 suam
1172 2449 1212 2524 in

19 2573 21 2640 ἰ
113 2577 191 2650 vrbe
209 2573 583 2672 Constantinopolim.
603 2573 654 2648 Et
671 2573 793 2650 hiems
803 2573 928 2670 gelida
947 2583 1040 2670 erat,
1061 2575 1213 2654 etmulti

19 2719 21 2768 z
112 2701 262 2780 infantes
281 2703 399 2780 fertur
410 2701 562 2796 dixisse,
584 2701 683 2798 quod
700 2702 741 2777 in
758 2703 821 2776 via
837 2725 904 2799 pre
920 2703 1061 2799 frigore
1081 2702 1212 2786 ohdor-

19 2913 20 2920 Ν
114 2830 264 2908 nichaut
281 2831 321 2905 in
341 2831 503 2907 Domino
522 2835 650 2906 nostro
669 2827 766 2906 Jesu
785 2827 947 2924 Christo,
967 2829 1021 2904 ita
1040 2837 1079 2904 et
1097 2832 1213 2932 maio-

114 2977 163 3032 res
180 2979 308 3033 eoram.

389 3240 720 3344 (onnnuunuu
752 3243 929 3346 cxxx).

209 3457 299 3534 Inde
336 3459 484 3555 quidem
508 3461 587 3556 jem
607 3451 887 3556 ⁴permansimus
923 3461 1078 3558 pacifice
1112 3461 1214 3538 Bede

19 3653 20 3664 ,
119 3603 173 3675 per
197 3594 312 3662 totam
341 3585 474 3662 iemem
503 3588 660 3682 saltam,
700 3588 885 3682 corinun,
914 3589 1148 3684 gratulanter
1177 3591 1215 3664 in

19 3807 20 3812 Ν
118 3717 274 3802 quattuor
294 3735 453 3789 menses.
483 3713 533 3787 Et
551 3711 734 3788 domiuuis
759 3713 879 3814 Priny
897 3713 1031 3790 Petrus
1050 3715 1097 3789 ad
1117 3714 1213 3792 Sok-

19 3831 20 3846 '
117 3831 176 3912 lios
193 3840 364 3934 cucurrit,
386 3846 423 3914 et
441 3839 748 3939 archiepiscopus
766 3840 815 3916 ad
833 3837 1073 3937 Strigoniam.

206 3965 255 4040 Et
269 3968 349 4064 Jam
368 3965 486 4041 eciam
507 3989 588 4040 oum
607 3969 847 4065 pervenimus
856 3966 904 4042 ad
914 3991 1079 4045 mensem
1098 3969 1214 4064 lunii,

117 4085 204 4165 ieme
222 4073 327 4168 venit
344 4079 478 4170 iterum
497 4092 543 4167 de
563 4091 781 4190 Germanis,
803 4093 900 4192 quod
919 4095 1050 4171 volunt
1067 4095 1215 4173 interim

117 4218 231 4295 uenire
258 4226 390 4297 contra
424 4219 568 4316 Regem
604 4219 801 4297 Joanuem.
834 4221 886 4296 Et
913 4229 993 4297 erat
1016 4221 1056 4296 in
1082 4230 1216 4298 octaua

117 4336 282 4441 Corporis
311 4345 466 4423 Christi.
506 4344 589 4421 Rex
622 4347 791 4424 Joanncs
819 4347 921 4423 illico
950 4354 1035 4446 post
1062 4345 1216 4448 Momyn

118 4468 249 4547 vaidam
269 4471 470 4549 destinauit
488 4472 623 4548 iterum
642 4493 902 4571 precursorem
921 4495 1027 4549 suum
1045 4473 1093 4548 ad
1112 4473 1215 4548 Nen-

119 4589 337 4674 dor-Albam.
361 4599 437 4695 „vt
454 4597 602 4674 veniret
619 4621 728 4696 quam
746 4599 947 4693 citissime,
978 4599 1065 4696 quia
1082 4599 1216 4678 iterum
1334 4607 1339 4616 '

122 4715 355 4802 declinassent
389 4721 583 4820 adportes
612 4721 839 4800 Ferdinandi
863 4725 1005 4800 Paulus
1032 4723 1214 4824 archiepi-

165 4859 375 4904 narramur.
956 4827 1005 4908 18
