3226 5220
1112 499 1189 580 165

75 717 176 770 suam
195 696 437 793 ignominiam
466 719 578 796 super
607 697 752 793 Regem
780 698 977 776 Joannem.
1007 700 1098 776 Dixi
1121 725 1188 798 po-

74 832 150 898 stea
169 823 289 921 Regi:
305 825 462 921 „Nonne
480 825 688 921 veritatem,
710 826 857 902 domine
877 827 960 903 Rex
979 827 1185 904 dicebam.“

75 950 120 1024 Et
137 951 213 1026 ista
231 950 418 1026 oonflietio
448 957 529 1025 erat
557 975 656 1026 anno
687 947 848 1029 reatin
873 977 1001 1030 mense
1028 953 1133 1032 Junii
1152 959 1190 1028 et

75 1077 109 1150 in
126 1101 255 1154 meuse
275 1077 381 1175 Maji.
824 1072 826 1078 ’

414 1300 746 1469 (onurruuuu
784 1365 844 1472 n).

176 1583 344 1660 Posthee
361 1583 549 1682 perterriti
568 1589 677 1659 erant
694 1581 880 1681 Hungari,
900 1589 1030 1684 etjam
1049 1587 1076 1665 J
1077 1591 1189 1664 oanni

76 1710 170 1808 Regi
188 1711 505 1806 nuneeiauerunt,
532 1717 573 1784 vt
602 1717 713 1784 exeat
740 1711 786 1785 de
806 1711 925 1787 Buda.
955 1713 1006 1786 Et
1025 1713 1108 1788 Rex
1127 1712 1182 1812 481

75 1845 271 1934 propterea
298 1835 399 1930 quod
422 1837 502 1932 jam
530 1835 666 1911 Jouan
695 1831 798 1910 Char
825 1843 903 1912 tres
928 1837 1189 1915 oonfliooiones

77 1963 283 2058 obtinebat,
314 1985 432 2058 eoque
460 1968 561 2037 esset
574 1963 653 2058 jam
673 1964 743 2037 sub
762 1962 991 2039 Ferdinandi
1010 1967 1189 2042 constitus

75 2097 108 2162 et
125 2090 325 2188 deputatus
344 2089 393 2164 ad
412 2089 661 2164 seruiendum.
690 2087 773 2163 Rex
802 2089 970 2166 Joannes
999 2093 1191 2168 mandauit
1289 2099 1295 2111 '

76 2240 142 2290 mo
161 2217 303 2292 famulo
323 2215 451 2314 nepoti
470 2216 618 2290 nomine
637 2193 810 2311 Ohibak,
840 2217 902 2312 qui
927 2218 1083 2292 condam
1099 2222 1188 2296 abo·

76 2344 256 2420 lesceneia
274 2343 466 2418 seruiebat
484 2344 530 2438 ei,
552 2345 682 2438 etjam
701 2343 960 2442 episcopatum
978 2345 1188 2422 Varadien·

77 2493 152 2544 sem
168 2471 324 2564 regebat
341 2471 411 2544 sub
430 2468 643 2552 humilitate
670 2470 795 2567 speeie
821 2493 910 2566 sua,
931 2479 969 2544 et
986 2473 1189 2569 professio·

77 2619 157 2670 nem
175 2597 316 2671 fecerat
335 2619 461 2671 eoram
481 2595 598 2691 Regi,
624 2603 666 2669 vt
684 2596 813 2671 laieali
830 2605 935 2674 veste
954 2622 1188 2696 nequaquam

77 2729 235 2798 uteretur
263 2723 303 2798 in
331 2746 430 2821 pane
458 2723 736 2818 ecclesiastiea,
767 2723 891 2799 sedin
910 2725 1038 2800 ordine
1063 2749 1188 2802 saeer-

78 2850 188 2926 dotali
224 2851 342 2924 vellet
377 2848 612 2946 saorifieare3
648 2856 811 2925 attamen
847 2873 990 2949 pauper
1017 2855 1189 2950 perjurus

80 2983 175 3072 erat,
214 2975 312 3072 quod
349 2975 621 3073 professionem
649 2999 724 3051 non
752 2979 1025 3075 compleuerat,
1055 2979 1189 3054 sedin

80 3105 209 3178 laicale
217 3107 322 3177 ueste
339 3101 507 3176 exalauit
524 3101 570 3174 de
589 3107 724 3177 mundo
745 3102 901 3177 demum.
921 3103 1032 3180 Alios
1043 3105 1188 3202 quidem

82 3253 218 3330 pauper
236 3229 349 3306 valde
372 3229 646 3325 redarguebat,
676 3229 775 3326 quod
802 3229 1055 3306 eondioionem
1083 3255 1188 3307 suam

81 3361 167 3436 bene
187 3358 433 3450 custodiebat,
453 3363 618 3430 attamen
636 3356 698 3430 hio
716 3357 928 3452 fefellebat3
948 3357 1189 3434 Lutterianos

82 3485 185 3561 ualde
203 3485 473 3580 redarguebat,
495 3489 659 3558 attamen
687 3483 931 3559 Franoisoum
958 3483 1077 3559 Baebi
1105 3485 1189 3560 dili-

83 3613 191 3706 gebat
208 3619 246 3687 et
264 3633 348 3686 oum
368 3633 412 3686 eo
431 3632 521 3707 sepe
539 3610 578 3684 in
598 3631 706 3686 eurro
725 3633 793 3686 suo
822 3610 997 3707 sedebat,
1018 3617 1065 3685 et
1093 3612 1189 3687 alios

83 3737 317 3814 Lutterianos
345 3737 394 3812 ad
422 3737 569 3813 modum
606 3737 707 3812 ourie
735 3736 857 3834 Regia
885 3737 1097 3836 Majestatis
1126 3737 1188 3834 qui

84 3864 333 3960 adulabantur,
345 3871 383 3940 et
392 3863 535 3960 Regem
553 3864 739 3941 Joannem
757 3866 796 3940 in
815 3864 926 3941 finem
945 3865 1184 3960 seduoebant,

89 3991 255 4091 Praeepit
273 3991 309 4066 ei
328 3991 367 4066 in
386 3991 522 4068 litteris
542 3992 621 4067 suis
640 4014 722 4066 eum
742 3992 969 4069 authoritate
990 3993 1112 4089 Regia
1123 3999 1185 4088 ,vt

84 4119 199 4194 mum
216 4118 311 4194 visis
335 4117 571 4214 presentibus
599 4125 821 4216 prepararet
848 4143 890 4196 se
917 4120 1187 4218 quamprimum

85 4251 120 4318 et
140 4245 353 4343 peroptime.
391 4243 547 4320 Fratres
583 4246 851 4342 amantissimi,
890 4267 976 4322 eooe
1012 4245 1075 4322 bio
1107 4248 1187 4344 Jam

88 4391 203 4446 rerum
228 4377 265 4446 et
288 4373 431 4468 justum
458 4371 548 4467 erit,
581 4375 821 4470 quamobrem
847 4373 1000 4449 humilia
1027 4395 1190 4471 persona

93 4495 268 4574 Emeritos
303 4494 430 4573 Oibak
466 4497 732 4576 humiliauerat
759 4523 801 4576 se
828 4499 950 4597 Regia
976 4498 1189 4597 Majestutis

94 4632 228 4721 propter
246 4621 510 4700 authoritatem
528 4649 674 4701 suoram
692 4623 812 4720 Regie
831 4624 1035 4722 MaJ'estati.
1065 4623 1187 4716 Quum

97 4769 231 4848 cumque
249 4773 448 4850 precursor
476 4751 663 4828 allauerat
690 4751 763 4826 sibi
793 4749 1010 4848 epistolam,
1040 4757 1077 4826 et
1102 4775 1187 4850 per·
