3238 5228
424 478 503 562 did

426 685 568 778 patrem
586 683 759 776 tenebat,
786 682 852 758 ille
869 681 975 777 ciuis,
996 684 1058 779 qui
1077 680 1119 736 ⁹41
1131 680 1170 784 lv·
1201 686 1240 760 in
1258 685 1535 764 Transiluania

425 811 549 882 manet
565 806 605 883 in
623 806 773 883 ciuitate
793 808 1004 885 Koloswar.

532 932 582 1006 Et
598 940 683 1029 post
701 935 1030 1031 congregacionem
1051 939 1281 1034 absolutam,
1303 939 1535 1038 quemadmo-

426 1059 511 1136 dum
529 1059 779 1158 descripserat
797 1062 862 1156 eis,
883 1063 936 1136 ita
954 1063 1173 1162 inceperant
1190 1067 1355 1164 exigere.
1377 1065 1453 1144 Sed
1469 1068 1537 1142 illa

427 1186 591 1282 exigatio
619 1186 856 1288 adfuturum
893 1213 967 1272 non
995 1197 1076 1265 eret
1100 1191 1138 1268 in
1167 1213 1207 1267 se
1236 1193 1406 1290 perfecta
1432 1193 1534 1280 dura,

429 1311 495 1388 sed
512 1312 743 1410 indurabilis,
763 1337 835 1410 que
854 1314 1000 1392 demum
1021 1317 1225 1394 audiemus.

726 1603 1058 1706 (carrumum
1095 1603 1236 1710 nou).

532 1821 620 1906 Jam
639 1823 824 1912 quomodo
842 1828 1005 1897 mortem
1022 1825 1126 1920 passi
1152 1824 1301 1900 fuerant
1326 1823 1445 1902 Palus
1468 1825 1536 1902 Ar-

425 1944 526 2020 tandi
546 1951 583 2019 et
599 1967 798 2042 germanus
817 1950 897 2044 ejus
917 1947 1070 2024 Blasius
1087 1947 1264 2045 Artandi,
1294 1951 1379 2026 dum
1398 1953 1534 2029 scribe·

424 2072 514 2147 bant
540 2094 636 2148 anno
663 2069 765 2148 1533
784 2075 870 2172 post
896 2075 1102 2150 absolutam
1133 2075 1272 2152 Buden.
1292 2099 1316 2152 a
1334 2075 1535 2154 Germanis

424 2198 705 2275 absolutionem.
1258 2211 1264 2218 '

530 2323 651 2416 Quum
679 2349 879 2422 germanus
907 2349 996 2404 suus
1021 2328 1157 2403 Paulni
1177 2327 1437 2405 Artandierat
1455 2351 1533 2405 cum

423 2451 530 2549 Rege
547 2452 731 2529 Joanncm
749 2455 788 2530 in
807 2478 893 2531 arce
921 2455 1174 2532 obsidionibus
1193 2456 1345 2532 Blasius
1362 2453 1532 2550 Artandi,

424 2589 462 2656 et
480 2580 672 2656 auunculus
691 2581 812 2678 ipsius
831 2583 974 2658 Paulus
992 2581 1150 2658 Artandi
1169 2583 1319 2657 tenebat
1335 2583 1434 2658 clam
1454 2607 1533 2658 cum

423 2707 530 2803 Rege
567 2705 813 2784 Ferdinando.
851 2709 901 2782 Et
927 2729 998 2806 quc
1036 2708 1216 2806 epistolas
1253 2710 1408 2783 miserat
1446 2732 1534 2806 erga

425 2832 548 2909 Ferdi.
580 2833 722 2909 Paulus
749 2834 907 2911 Artandi
935 2835 979 2910 de
1009 2841 1183 2933 quattuor
1211 2835 1448 2912 comitatibus
1471 2835 1533 2910 be-

424 2985 525 3056 rem,
547 2961 608 3059 qni
628 2963 791 3038 venient.
803 2963 886 3040 Rex
907 2963 1164 3039 Ferdinandus
1183 2963 1231 3038 ad
1249 2963 1533 3062 expugnandam

429 3087 584 3164 Budam.
605 3089 858 3166 Etnuncoium
878 3091 1060 3167 duxerant
1078 3090 1244 3166 eiusdem
1261 3091 1451 3189 captiuum
1470 3091 1532 3165 ad-

386 3214 650 3312 ·prebenden.
687 3216 818 3294 fideles
854 3215 1082 3314 Regiestatis
1117 3217 1276 3294 Joannis
1310 3217 1359 3292 ad
1389 3217 1532 3314 Regem

423 3341 620 3425 Joannem.
641 3343 789 3418 Extunc
808 3352 915 3420 erant
933 3351 1108 3442 quattuor
1128 3343 1305 3442 epistole,
1326 3349 1363 3418 et
1380 3365 1532 3441 presen-

421 3467 516 3560 tauit
533 3467 713 3566 epistolas
731 3470 834 3547 solus
853 3469 935 3546 Rex
961 3471 1148 3563 Joannes,
1176 3471 1275 3567 quod
1292 3469 1408 3545 allate
1429 3479 1534 3546 erant

422 3595 470 3671 ad
496 3617 628 3672 manus
665 3597 756 3693 ejus.
794 3593 914 3688 Quum
951 3597 1175 3694 perlegisset
1214 3619 1259 3670 ac
1284 3595 1533 3674 intellexisset

422 3721 505 3799 Rex
523 3723 711 3819 Joannes,
740 3722 851 3798 valde
871 3722 1121 3800 admirabatur
1139 3720 1221 3798 Rex
1239 3743 1400 3821 pauper,
1423 3731 1463 3798 et
1480 3723 1532 3798 di·

422 3851 556 3925 cebat:
590 3849 812 3947 „Nunquam
849 3849 1088 3926 credidissem
1125 3849 1305 3948 compatri
1342 3871 1446 3944 meo,
1476 3849 1533 3924 oui

421 4001 490 4074 ego
508 3977 649 4054 liberos
665 3976 760 4053 duos
777 3977 978 4075 baptizem,
1000 3985 1036 4052 et
1055 3975 1144 4051 mibi
1162 3983 1238 4051 tam
1256 3975 1429 4074 insijdias
1448 3999 1532 4075 pre-

419 4103 578 4202 parauit.
609 4103 717 4181 Vnde
737 4104 956 4180 meruissem
974 4103 1044 4178 boc
1064 4101 1109 4177 de
1128 4099 1261 4200 ipso?“
1284 4101 1365 4177 Hec
1384 4101 1534 4178 dicebat

421 4253 545 4307 coram
563 4231 671 4307 nobis
691 4229 835 4327 aulicis,
855 4255 931 4309 non
949 4253 1074 4306 coram
1094 4229 1346 4328 optimatibus.

525 4357 576 4433 Et
602 4357 696 4433 lecit
724 4380 859 4436 vocare
886 4357 1118 4458 Vaywodicb
1147 4355 1194 4432 ad
1222 4378 1284 4452 se,
1314 4363 1352 4432 et
1379 4363 1534 4432 venerat

422 4489 622 4583 antequam
631 4484 842 4562 obsiderent
860 4485 1030 4562 Palotam
1051 4507 1174 4560 arcem
1192 4481 1531 4583 superLadislaum

422 4607 541 4686 More.
562 4609 612 4685 Et
629 4611 735 4686 ambo
762 4609 944 4686 duntaxat
971 4611 1217 4707 loquebantur
1244 4631 1376 4687 snsnro
1402 4611 1530 4698 verbo,

423 4736 523 4830 quod
540 4759 609 4812 nos
628 4737 680 4812 nil
698 4737 958 4814 intelleximus.
989 4736 1161 4813 Attamen
1181 4737 1325 4814 demum
1343 4736 1528 4812 intellexi-
