3226 5220
387 487 466 566 216

386 687 487 765 mani
507 709 589 763 oum
607 691 729 762 turma
747 707 817 762 aua
836 703 951 782 snpra
970 705 1038 759 noa
1055 683 1096 758 in
1113 680 1335 778 monticulo,
1355 689 1394 758 et
1411 705 1499 780 pau-

387 840 454 918 per
473 815 557 891 Rex
575 814 679 891 solua
705 811 887 911 inceperit
914 811 1031 888 aoiem
1060 833 1166 888 auam
1185 810 1379 908 ordinare,
1399 809 1502 909 pedi·

387 951 445 1018 tes
463 940 709 1042 haydunonea
728 948 766 1015 et
784 940 949 1015 Polonoa
976 938 1143 1038 pedites,
1164 945 1202 1013 et
1219 940 1363 1038 equites
1391 938 1504 1014 Polo·

388 1092 457 1147 noa
476 1092 559 1145 eum
576 1067 730 1146 vexillis
757 1068 848 1145 auia.
879 1067 930 1142 Et
948 1073 1029 1142 erat
1052 1067 1234 1142 vexillum
1252 1085 1380 1144 eorum
1396 1063 1507 1141 liuidi

390 1198 540 1296 eoloris,
560 1197 598 1272 id
617 1205 675 1274 est
692 1225 814 1293 sarpa.
843 1194 991 1271 Radich
1011 1195 1158 1292 quidem
1176 1217 1309 1272 versus
1328 1193 1506 1272 Caesoni-

392 1347 451 1400 am
471 1327 541 1403 sub
560 1345 636 1400 vna
659 1323 759 1401 silua
787 1346 921 1398 amena
946 1321 1105 1400 iacebat.
1134 1320 1273 1422 Cybak
1299 1322 1395 1399 latro
1425 1343 1509 1396 eum

392 1455 417 1534 J
420 1475 540 1532 oanne
559 1450 669 1548 Doeij
690 1448 737 1525 ad
755 1473 868 1524 vnam
887 1451 1034 1525 siluam
1053 1455 1267 1546 currerunt,
1287 1455 1325 1523 et
1343 1447 1510 1524 Michael

393 1583 468 1658 Kia
487 1578 630 1675 Vardaj
650 1577 740 1652 feeit
757 1600 798 1654 ae
817 1583 997 1674 egrotum.
1017 1577 1070 1652 Et
1086 1577 1157 1653 hee
1175 1583 1352 1676 operatua
1370 1583 1453 1652 erat
1471 1575 1511 1650 in

394 1715 501 1784 sextu
519 1707 615 1784 feria
633 1711 720 1780 ante
740 1705 960 1782 dominicam
979 1711 1123 1782 Lelure.

499 1830 593 1935 ὄψ’·
622 1833 674 1908 Et
691 1833 736 1909 de
756 1841 902 1912 castore
931 1841 1039 1912 extra
1065 1837 1215 1911 inerunt
1239 1833 1288 1909 ad
1305 1833 1428 1909 loeum
1448 1854 1512 1906 ex·

395 1961 662 2063 pugnacionis,
693 1967 731 2036 et
751 1962 878 2037 deoem
897 1969 935 2037 et
953 1969 1036 2040 ooto
1064 1962 1219 2059 ingenia
1245 1960 1410 2038 habebat
1428 1959 1513 2036 Rex

396 2090 565 2166 Joanneo
593 2089 779 2188 optimos,
815 2097 852 2164 et
878 2089 931 2166 ibi
960 2089 1090 2165 amiaai
1119 2093 1236 2164 erant.
1266 2087 1318 2161 Et
1344 2085 1516 2185 preeepit

396 2216 480 2292 Rex
508 2217 670 2312 aganoni
697 2239 766 2292 auo
793 2218 910 2312 elam,
946 2223 987 2291 vt
1014 2217 1054 2292 in
1082 2215 1264 2313 quadriga
1291 2236 1360 2290 aua
1387 2219 1516 2289 essent

398 2343 483 2442 equi
502 2343 638 2440 promti
657 2341 705 2417 ad
722 2341 944 2418 trahendum
962 2364 1102 2420 ourrou
1132 2342 1184 2416 Et
1201 2339 1374 2417 monaehi
1392 2339 1516 2417 eheri-
1568 2331 1573 2342 ’

397 2471 515 2564 honen
534 2474 620 2542 ante
637 2469 795 2544 tercium
815 2467 912 2543 diem
932 2471 1204 2565 equitauerant,
1225 2469 1288 2565 qui
1307 2475 1414 2544 erant
1432 2491 1517 2542 cum

400 2597 506 2692 Rege
525 2600 701 2693 tanquam
729 2595 1006 2692 sanguisughe,
1037 2596 1101 2693 qui
1130 2619 1204 2672 non
1232 2595 1410 2672 volebant
1428 2618 1517 2672 eon·

398 2723 601 2800 sensionem
629 2721 757 2799 andire
790 2746 872 2798 oum
901 2723 1127 2799 authoritate
1162 2723 1291 2824 papali
1318 2723 1519 2799 absoluere

400 2857 549 2946 gentem
568 2848 666 2946 Regi
685 2847 835 2925 Joauni.
856 2849 908 2923 Et
926 2848 1108 2942 dicebaut,
1124 2850 1265 2947 justum
1283 2849 1424 2924 bellum
1443 2871 1520 2924 non

403 2999 486 3053 ease
513 2975 612 3071 Regi
639 2975 819 3070 Joaunia,
847 2983 1025 3074 tanquam
1053 2983 1160 3053 erant
1184 2957 1423 3054 scrutatores.
1444 2973 1522 3051 Sed

402 3103 485 3202 ipae
503 3101 618 3198 longa
636 3101 784 3177 viscera
799 3101 1014 3201 Stephanae
1025 3101 1228 3182 Verbuohi
1247 3104 1401 3180 fouebat
1418 3103 1521 3202 apud

404 3229 567 3325 Regem,
585 3235 762 3325 tanquam
781 3251 911 3306 verres
929 3231 969 3304 in
988 3237 1176 3307 autumno.
1206 3229 1257 3306 Et
1275 3253 1334 3306 me
1352 3229 1463 3306 valde
1482 3228 1523 3304 in

405 3355 489 3432 odio
516 3354 727 3452 habebant,
760 3355 859 3454 quod
885 3381 955 3454 ego
985 3357 1196 3436 eeneiebam
1223 3365 1363 3434 neotum
1391 3379 1523 3432 eorum

405 3482 577 3578 nimiem;
607 3483 704 3580 quod
730 3485 818 3560 aliia
846 3484 1074 3584 inponebant
1110 3486 1246 3582 grauia
1273 3485 1313 3561 in
1341 3483 1521 3563 humeris.

406 3611 480 3710 ipei
499 3609 645 3710 quidem
665 3633 746 3686 enm
765 3612 882 3708 digito
902 3613 1217 3691 demonstrabant.

515 3737 566 3812 Et
579 3739 657 3835 jam
676 3735 761 3813 Rex
787 3737 814 3816 J
816 3761 956 3815 oannes
984 3740 1131 3817 artabat
1153 3739 1202 3816 ud
1228 3739 1325 3815 faeie
1354 3760 1437 3814 oum
1455 3760 1528 3815 aua

408 3869 518 3960 gente
542 3871 723 3962 quantum
742 3871 915 3964 poterant
942 3872 1072 3944 eontra
1100 3865 1321 3944 Germanou.
1351 3864 1527 3943 Valenti-

409 4013 479 4068 nus
498 3989 655 4067 Therek
674 4013 756 4068 oum
774 3991 935 4070 vidisset-
956 4001 1105 4090 gentem
1133 3993 1252 4090 Regis
1278 3993 1441 4072 Joaunie
1460 3989 1527 4067 ad·

412 4117 627 4196 mirabatur.
656 4119 764 4194 Dixit
791 4119 931 4198 Joanni
959 4121 1130 4198 Koooian
1151 4150 1160 4196 ε
1185 4123 1308 4218 ,Vere
1327 4118 1527 4218 magnifiee

412 4244 557 4322 domine
576 4269 650 4322 non
667 4267 866 4347 possumus
890 4249 1067 4326 resistere
1095 4255 1224 4328 eontra
1244 4247 1387 4345 Regem
1405 4248 1526 4326 Joau-

412 4395 517 4470 nem,
569 4375 634 4451 uia
652 4373 841 4474 copiosam
859 4383 1009 4472 gentem
1027 4377 1161 4474 habet,
1190 4399 1300 4474 qnam
1318 4375 1425 4452 noa.“
1458 4375 1529 4454 Jo-

415 4524 533 4580 annes
560 4501 732 4578 Koooian
759 4501 852 4578 dixit
877 4503 1115 4582 Valentino:
1148 4503 1270 4601 „Eooe
1296 4502 1444 4579 literam
1471 4502 1529 4578 in·

415 4629 576 4732 apirian,
605 4628 693 4728 quid
715 4627 808 4706 mihi
826 4631 1118 4708 uuuoeiauernnt
1136 4631 1309 4728 Hungari
1328 4630 1530 4730 optimates

416 4757 485 4834 eui.
507 4755 649 4833 Credas
667 4757 767 4852 mihi,
789 4757 933 4833 domine
952 4759 1166 4870 Valentino,
1187 4757 1286 4854 quod
1303 4757 1427 4833 media
1440 4780 1532 4855 pare
