3248 5210
1154 485 1231 568 11?

108 683 180 790 (ct)
215 686 309 786 quod
335 684 498 764 uidisset
524 685 627 780 Rea,
666 685 766 784 quod
788 691 942 762 sonaret
969 687 1155 783 equaliter
1182 688 1231 764 ad

107 811 338 890 comiatum
367 820 528 912 septem,
556 813 723 890 litteram
751 811 960 912 prapticam
987 819 1118 889 contra
1146 811 1228 898 Ste-

107 940 276 1040 phanum
295 933 413 1016 Bardi
440 963 515 1016 non
538 940 715 1038 legisset,
736 946 774 1016 et
791 939 846 1014 sic
869 961 1018 1014 manum
1036 961 1141 1016 suam
1160 964 1227 1040 ap·

1 1095 2 1162 3
106 1068 237 1166 posuit
255 1067 341 1142 Rex
362 1093 371 1139 ε
395 1063 641 1164 „commissio
661 1066 783 1164 Regie
810 1065 1060 1165 MaJestatis.“
1092 1066 1144 1142 Et
1170 1066 1227 1144 sic

1 1265 2 1270 ,
106 1193 230 1270 Paulo
258 1193 440 1290 Thomorj
471 1194 588 1270 allate
617 1201 699 1270 erat
726 1193 775 1268 ad
801 1214 934 1270 manus
962 1195 1063 1292 ejus,
1084 1199 1122 1268 et
1138 1217 1224 1292 pre·

104 1328 311 1420 parauerat
328 1345 370 1398 se
389 1327 519 1398 contra
547 1320 778 1420 Stephanum
797 1320 939 1398 Bardia
957 1321 1002 1396 de
1022 1319 1127 1395 Petri
1145 1321 1224 1398 Va·

104 1449 230 1524 rodini
258 1449 307 1526 ad
334 1449 486 1546 Futagh
514 1456 643 1546 nocte,
674 1456 712 1525 et
738 1449 791 1525 ibi
810 1449 848 1524 in
867 1447 1037 1546 hospicio
1057 1472 1165 1524 mane
1183 1450 1224 1526 in

1 1679 2 1686 ἵ
104 1577 206 1652 lecto
225 1584 358 1676 captus
376 1582 477 1672 erat,
498 1576 636 1675 etipse
654 1599 799 1675 pauper
823 1575 1095 1671 admirabatur,
1116 1575 1222 1673 quid·

1 1769 2 1772 ,
103 1728 193 1780 nam
211 1704 282 1780 hoc
299 1711 419 1781 esset:
444 1711 588 1780 tantum
616 1703 792 1781 dixerunt
809 1704 844 1780 ei
865 1732 874 1779 ε
897 1705 976 1802 „Es
995 1711 1127 1803 captus
1146 1703 1221 1782 Re-

101 1833 167 1928 gie
196 1832 408 1931 Majestatis
421 1833 454 1928 ;“
485 1841 523 1908 et
550 1832 735 1910 duxerunt
766 1833 814 1908 ad
842 1833 947 1909 Petri
972 1833 1156 1912 Varadiui
1186 1842 1223 1910 et

103 1961 174 2036 illa
193 1960 252 2036 die
270 1960 481 2038 decollatus
509 1969 592 2039 crat
610 1963 755 2057 statim,
775 1969 816 2038 vt
834 1962 918 2038 Rex
942 1961 1156 2041 Ludouicus
1175 1987 1222 2041 ne

1 2111 2 2142 r
101 2084 332 2184 intelligeret
341 2093 378 2162 et
387 2086 547 2184 Regina,
568 2087 656 2186 quia
665 2087 787 2186 ipsum
797 2089 908 2164 valde
927 2088 1146 2186 diligebant,
1157 2085 1215 2192 351

102 2219 138 2286 et
157 2236 234 2290 non
253 2215 388 2292 luisset
413 2213 606 2292 decolatus
625 2216 658 2292 si
677 2216 887 2295 sciuissent.
918 2214 1042 2308 Quum
1065 2219 1145 2315 jam
1164 2219 1220 2294 in-

1 2445 2 2464 ,
102 2340 354 2436 tellirissent,
381 2364 472 2418 vere
503 2365 687 2420 merorem
723 2365 897 2440 magnam
925 2352 1085 2441 egerunt
1110 2348 1220 2424 ambo

103 2464 187 2542 ch
204 2473 244 2544 et
260 2465 429 2564 Regina,
450 2474 488 2546 et
505 2469 561 2544 nil
580 2469 709 2546 defuit.

384 2787 717 2892 (carrocium
750 2790 932 2895 xxxv).

1 3088 2 3122 ἰ
208 3005 300 3083 lude
318 3005 439 3084 Cesar
458 3007 669 3085 'Parcarum
687 3009 820 3086 indies
840 2993 1130 3108 apropinquavit
1147 3011 1218 3086 sub

1 3135 2 3190 l
104 3131 245 3208 Budam
263 3136 414 3232 pocius,
444 3137 542 3236 quod
561 3137 729 3214 audisset
756 3137 911 3212 militem
930 3136 1159 3230 decoratum,
1181 3143 1219 3211 et

102 3259 284 3336 Jacobum
303 3259 339 3364 ⁴¹)
357 3262 612 3358 intoxicatum,
633 3269 671 3339 et
689 3262 1000 3362 christophorum
1020 3260 1217 3364 Groph**)

103 3409 171 3485 per
195 3390 349 3464 barbam
377 3391 417 3466 in
442 3390 588 3490 Ohepel
615 3390 745 3488 nighet
774 3395 963 3466 traxatum
987 3411 1055 3488 per
1081 3387 1215 3466 Ladis·

1 3585 2 3594 ,
103 3516 202 3589 laum
229 3515 350 3615 Zakaj
380 3515 696 3614 Strigonicnsem,
726 3525 763 3593 et
795 3516 992 3595 vainodam
1029 3517 1213 3594 Joannem

1 3643 2 3678 ⁷
104 3643 504 3720 Transsilwaniensem
524 3647 687 3742 exulan.;
708 3653 745 3722 et
764 3646 941 3722 adaucter
951 3646 1129 3721 veniebat
1145 3667 1214 3744 per

1 3843 2 3868 ,
107 3769 241 3845 Zauanr
269 3771 399 3846 linium
417 3779 455 3847 et
472 3795 540 3872 per
559 3773 728 3850 Drauam
755 3773 821 3850 flui
843 3781 993 3873 pontem
1011 3793 1214 3871 preparare

108 3904 257 3996 cogebat
272 3907 311 3976 et
328 3901 428 3976 fecit.
598 3995 602 4002 ι

206 4025 296 4102 Inde
325 4027 472 4125 quidem
511 4027 655 4124 Regem
691 4029 817 4105 nullus
855 4028 1111 4123 confortabam
1149 4035 1214 4102 aut

1 4171 2 4216 l
111 4173 251 4228 neccsse
286 4153 412 4230 fuerat
438 4176 522 4228 eum
559 4154 709 4231 studere
737 4153 785 4229 ad
812 4154 952 4230 bellum
989 4175 1139 4232 monere
1168 4178 1213 4231 ac

110 4273 258 4374 dirigere
276 4302 362 4355 enm
388 4282 605 4379 oportebat,
635 4281 702 4358 sed
730 4282 857 4358 nullus
884 4277 1096 4376 suadebat,
1122 4281 1212 4377 qnia

1 4443 2 4448 Ν
106 4401 178 4494 jam
195 4407 343 4482 carebat
361 4429 385 4480 a
403 4403 585 4483 militibus
612 4406 816 4484 studiosius
844 4408 908 4506 qui
936 4407 1123 4503 sciebant,
1150 4429 1210 4484 so·

115 4623 422 4639 ——u‘h—-n—

143 4707 166 4764 o
182 4687 291 4766 imru
310 4707 415 4784 cruny
432 4710 538 4768 rasas.
557 4711 592 4768 v.
615 4717 641 4770 a.
662 4712 705 4769 ca.
728 4712 746 4768 ι.
782 4779 784 4786 ,

126 4793 173 4860 fl)
191 4797 267 4854 Am
284 4798 455 4872 Frangepdn
474 4801 596 4856 Krirtdt'.
