3260 5226
1147 489 1226 570 utu
1383 577 1386 586 .

106 692 256 786 redich,
276 695 414 792 etipse
433 715 505 768 non
525 694 678 768 multum
697 693 794 766 vixit
811 694 908 768 latro
918 689 1052 786 bucki,
1073 699 1111 768 et
1128 691 1226 768 iufra

103 820 252 896 duobus
278 820 387 896 aunis
415 826 556 896 mortus
583 827 652 895 est.
692 817 732 894 Si
760 820 864 895 lubet
891 817 1121 917 quadrupes,
1150 839 1225 894 non

105 945 262 1025 miretur
281 947 399 1045 bipes.

397 1226 729 1336 (cleruuuun
763 1229 924 1334 xcix).

217 1456 355 1532 Postea
381 1453 463 1530 Rex
491 1455 645 1530 multum
674 1455 870 1530 habitabat
887 1455 927 1530 in
946 1453 1160 1548 Varadino,
1189 1463 1228 1529 ct

11 1671 17 1682 ,
109 1581 295 1678 Romnum
324 1581 528 1658 leubellam
565 1581 730 1678 puellam
760 1581 858 1677 Regi
887 1581 1112 1658 Polonorum
1138 1581 1228 1656 iecit

107 1707 246 1784 ducere
263 1708 333 1784 eibi
353 1709 401 1783 ad
419 1707 666 1806 copulandum
694 1707 919 1783 sacramenti
946 1707 1160 1784 matrimoni
1179 1707 1227 1782 ad

109 1835 345 1932 Hungariam
374 1836 459 1911 dum
487 1835 703 1912 scribebant
733 1832 847 1911 1538.
878 1836 928 1910 Et
954 1836 992 1910 in
1022 1834 1129 1910 Buda
1147 1841 1229 1910 erat

110 1961 224 2038 valde
251 1963 406 2038 solenne
432 1963 637 2036 thalamum
657 1963 695 2036 in
726 1960 1046 2060 Carnispriuium,
1067 1969 1105 2036 et
1122 1983 1227 2037 coro-

110 2097 203 2163 nata
221 2111 304 2164 cum
324 2097 405 2164 erat
432 2089 469 2163 iu
499 2089 598 2164 Alba
626 2088 800 2185 Regalia.
831 2089 890 2164 lbi
918 2089 1119 2164 dormierat
1146 2111 1227 2163 cum

110 2215 261 2313 Regina
289 2218 327 2292 in
356 2216 664 2314 quatragessima.
694 2217 827 2292 Adhuc
854 2225 941 2316 post
966 2218 1088 2315 ipsum
1116 2219 1228 2312 grab-

108 2342 238 2416 batum
275 2343 534 2432 deauratam,
574 2364 647 2440 qna
680 2351 762 2418 erat
789 2345 973 2420 fabricata
995 2334 1041 2419 19
1074 2341 1226 2438 floreno,

111 2467 356 2544 mandauerat
384 2475 469 2566 post
488 2469 610 2566 ipsum
629 2467 764 2544 ducere
783 2469 830 2544 ad
850 2469 986 2546 Albam
1015 2470 1227 2568 Regaliam.

67 2574 72 2582 ’
113 2593 166 2669 lit
183 2594 237 2670 ibi
257 2617 303 2669 ex
323 2617 508 2671 consensu
527 2593 829 2671 Luttcrianorum
848 2595 1098 2695 residnitplua
1117 2619 1226 2694 qnam

113 2745 187 2796 rna
205 2743 354 2816 mense,
375 2722 471 2798 sicut
489 2723 527 2798 in
546 2722 607 2798 dic
626 2721 683 2798 sui
703 2723 976 2800 coronationis,
1007 2725 1058 2798 Et
1075 2723 1129 2798 itu
1147 2733 1230 2800 erat

113 2848 313 2924 constitum
337 2851 387 2925 ab
414 2849 577 2946 antiquis
604 2850 726 2926 sacris
754 2851 947 2946 Regibus,
978 2851 1075 2947 quod
1102 2851 1228 2927 nullus

112 2971 197 3049 Rex
216 2974 326 3050 debet
339 2975 391 3049 ibi
411 2975 595 3070 residere,
624 2976 854 3052 solummodo
882 2977 1002 3053 tribus
1020 2977 1172 3070 diebus,
1192 2985 1230 3052 et

111 3099 232 3177 tribus
259 3099 439 3178 noctibus.
470 3101 519 3175 Et
546 3089 721 3178 dicebant
747 3102 924 3180 sacerdos
942 3125 1096 3180 seneres
1114 3103 1227 3200 Regi-

113 3233 273 3320 estates3
303 3225 370 3302 sed
388 3227 470 3326 ipse
488 3227 585 3304 nihil
604 3229 760 3306 curabat
778 3227 823 3304 de
842 3229 934 3324 hoc,
954 3237 1079 3305 tamen
1097 3231 1229 3329 pocius

115 3351 197 3452 ¹⁰3·!
233 3353 390 3430 ridebat.
429 3353 511 3446 Quo
538 3361 765 3454 postremum
793 3357 866 3433 sibi
896 3381 971 3433 non
998 3365 1153 3434 venerat
1181 3357 1227 3434 ad

113 3487 344 3558 crementum
362 3503 482 3576 suum,
502 3481 569 3558 sed
587 3484 697 3560 male.

221 3607 362 3682 Postea
373 3615 563 3684 ¹venerunt
581 3608 629 3684 ad
648 3609 792 3684 Budam
811 3611 859 3686 ad
887 3610 1226 3708 Ramispalmarum

114 3753 193 3806 cnm
213 3729 381 3828 Regina,
412 3741 448 3810 et
473 3741 626 3832 peracto
655 3736 809 3812 solenne
838 3737 998 3814 Pascam
1025 3737 1228 3814 Resurrec·
1336 3821 1340 3830 ,

113 3859 255 3936 cionem
273 3859 534 3936 hostiauerunt
551 3883 634 3938 cnm
654 3863 845 3940 manducis
864 3865 952 3940 suis
983 3865 1034 3940 Et
1052 3865 1114 3940 bic
1132 3867 1229 3942 mira

113 4009 171 4064 res
190 3985 413 4062 Diuinitatis
442 3987 588 4082 tuerat,
620 3989 715 4086 quod
735 3990 774 4066 in
792 3989 854 4067 dic
873 3989 1142 4090 Concepcionis
1159 3992 1227 4068 «lo-

112 4112 220 4190 annis
239 4111 409 4210 Baptiete
429 4123 612 4214 concepta
629 4095 711 4192 erat
729 4116 877 4213 Regina
896 4118 1074 4195 Elisabet
1089 4117 1227 4215 ache

112 4237 277 4335 doenum
298 4245 336 4316 et
353 4247 485 4338 postea
504 4241 551 4318 ad
569 4244 743 4320 iuturum'
754 4267 891 4320 annum
909 4243 994 4320 dnm
1013 4245 1229 4322 scribebant

113 4363 333 4444 ann01539
361 4370 510 4467 peperit
538 4371 743 4447 masculum
762 4370 799 4445 in
818 4394 946 4449 mense
973 4373 1069 4449 Julii
1097 4373 1227 4449 Idibus

114 4499 195 4570 octo
216 4491 309 4569 hora
330 4493 405 4570 diei
425 4495 598 4592 Mercuri,
620 4497 715 4573 etin
733 4496 874 4574 minuta
894 4499 1038 4576 Martis.
1061 4499 1111 4576 Et
1120 4507 1228 4576 crant

114 4621 217 4698 multi
237 4643 478 4722 precursores
498 4623 740 4722 Regicstatis,
761 4625 824 4722 qui
842 4626 948 4726 prius
966 4626 1119 4702 volebat
1128 4626 1225 4723 Regi

115 4770 207 4825 noua
232 4748 427 4848 predicere
456 4749 502 4826 de
529 4751 605 4826 fetu
631 4752 796 4848 Regino,
826 4760 863 4828 ct
889 4754 1116 4851 promiserat
1143 4753 1224 4832 Rex
