3260 5226
377 486 462 570 358,

380 689 535 766 multum
569 685 805 783 tardauerat,
850 683 919 762 sed
953 681 1079 762 statim
1114 681 1366 782 remigeuerst
1399 681 1493 761 citra

382 814 512 893 Pesth.

486 939 539 1016 Et
557 937 677 1018 Cesar
695 939 904 1016 'lurcorum
922 937 1113 1034 senciens,
1135 935 1233 1035 quod
1250 935 1398 1012 'Porcus
1416 933 1493 1014 Vc·

381 1066 544 1144 lenunus
562 1065 743 1143 resideret
761 1067 801 1140 in
820 1087 906 1141 arce
925 1061 1043 1159 Bada,
1062 1063 1200 1140 multas
1216 1061 1364 1138 litteras
1383 1060 1495 1138 dean·

381 1199 485 1270 ratas
512 1191 675 1291 scriptas
705 1191 871 1288 eligebat
896 1189 968 1267 sibi
995 1211 1080 1265 cum
1104 1186 1364 1265 lucentissima
1380 1187 1496 1262 verba

383 1326 560 1417 quantum
578 1324 727 1417 poterat
753 1317 909 1395 sufferre
926 1337 1032 1392 mens
1050 1337 1131 1392 sua.
1154 1311 1233 1413 „0,
1262 1312 1410 1389 domine
1429 1311 1495 1388 mi·

382 1447 440 1522 les
457 1445 660 1523 Valentino
688 1443 864 1540 Therek‚
893 1450 933 1520 tu
956 1466 998 1520 es
1017 1448 1108 1542 aput
1125 1464 1184 1518 me
1202 1441 1313 1517 valde
1329 1440 1497 1518 famosus

382 1572 443 1647 vir
461 1569 674 1646 concresse
699 1593 882 1670 persona,
902 1577 940 1645 et
957 1568 1080 1646 fidelis
1106 1567 1254 1646 domino
1272 1574 1336 1644 tuo
1354 1560 1496 1646 Joanni

384 1696 493 1794 Regi.
514 1693 623 1788 Quod
641 1696 675 1772 si
692 1695 784 1772 mihi
803 1696 995 1774 consensis
1012 1694 1173 1772 fideliter
1191 1695 1231 1770 in
1249 1695 1397 1772 istoria
1413 1715 1498 1769 meu

384 1824 585 1918 moderno,
604 1829 741 1900 extunc
758 1831 799 1898 tu
817 1823 892 1901 cris
910 1825 1136 1920 gubernator
1153 1819 1387 1917 Hungarie.“

490 1948 614 2041 Quum
642 1949 835 2048 sepissime
855 1950 891 2026 ei
909 1949 1132 2026 nuncciabat
1158 1973 1226 2048 per
1252 1955 1379 2026 cumas
1405 1949 1498 2026 scri·

385 2089 483 2181 ptus,
503 2077 712 2154 confidebat
728 2077 825 2176 apud
845 2075 1023 2155 Oesurem
1034 2078 1243 2154 Turonium
1261 2077 1497 2174 semifatuus3

385 2214 423 2284 et
430 2229 504 2284 non
513 2204 791 2300 recordabatur,
811 2204 990 2302 quomodo
1008 2212 1246 2304 percusserat
1258 2204 1499 2302 quatreginta

385 2333 491 2410 milia
508 2330 720 2408 kaucheros
738 2329 947 2408 'Porcarum
961 2333 1072 2428 juxto
1090 2331 1289 2410 Viennam.
1308 2329 1360 2406 Et
1378 2329 1498 2410 Oesur

386 2481 532 2559 semper
568 2457 786 2534 ostendebat
812 2480 854 2534 se
881 2459 993 2554 quasi
1033 2460 1221 2556 nescien.;
1260 2465 1426 2536 atamen
1460 2460 1500 2536 in

386 2586 495 2666 corde
522 2586 576 2662 iel
602 2586 767 2682 gerebat.
807 2581 966 2677 Quidem
1001 2586 1227 2664 Valentinus
1260 2587 1409 2664 Turcns
1435 2611 1499 2663 ue·

387 2735 572 2812 quaquam
600 2711 776 2789 credebat
802 2709 976 2808 Castris,
997 2719 1035 2788 et
1052 2714 1202 2790 uolebat
1229 2721 1336 2791 extra
1355 2712 1499 2791 Budam

385 2841 463 2936 ire,
484 2845 521 2913 et
538 2839 691 2915 nolebat
707 2838 828 2937 ipsum
848 2847 1020 2938 spectare
1037 2841 1078 2916 in
1097 2841 1216 2918 Buda.
1245 2839 1321 2917 Sed
1339 2839 1500 2940 Stepho-

387 2965 662 3045 nusVerbvchi
681 2965 930 3043 cancellarius
947 2967 1029 3065 ipse
1048 2967 1249 3046 seduxerat
1257 2969 1500 3047 Valentinum

387 3093 555 3187 Themi,
574 3099 612 3167 et
630 3091 803 3169 dicebat:
828 3092 1000 3190 „Longos
1018 3095 1114 3192 quod
1133 3094 1275 3194 sapien.
1303 3118 1389 3172 raro
1409 3095 1498 3190 uidi,

387 3219 533 3297 domine
552 3219 764 3296 Valentino.
785 3217 928 3296 Credas
946 3219 1056 3317 mihi,
1086 3221 1184 3319 quod
1211 3245 1281 3320 ego
1298 3223 1445 3298 fueram
1462 3223 1500 3298 in

387 3345 620 3442 legacionem
639 3351 730 3444 aput
748 3343 927 3422 Cesarem
955 3346 1163 3425 'lurcorum
1182 3371 1250 3447 per
1268 3347 1414 3444 Regem
1432 3349 1461 3427 J
1462 3373 1499 3427 o·

389 3493 534 3562 aunem,
556 3493 625 3567 ego
643 3470 1126 3570 descripsinaturemsucm
1146 3474 1185 3548 in
1203 3473 1395 3550 intellectu
1416 3477 1499 3570 mei,

389 3596 487 3698 quod
514 3603 592 3672 tom
618 3619 747 3674 verum
775 3598 885 3695 dicit,
914 3605 952 3674 et
968 3600 1157 3698 perfectus
1175 3606 1233 3677 est
1250 3601 1290 3677 in
1307 3601 1499 3692 veritates,

391 3725 486 3802 sicut
512 3723 816 3823 admodum'ipse
842 3725 1017 3824 quicquid
1053 3727 1190 3804 dixerit
1216 3733 1281 3802 aut
1308 3727 1502 3827 scripserit

395 3848 617 3928 credendum
645 3857 703 3926 cst
730 3851 803 3928 sibi
830 3851 1020 3930 firmiter.“
1061 3851 1143 3930 Hec
1179 3853 1297 3930 dicen.
1335 3854 1505 3934 dominus

390 3975 638 4052 concellarius
656 3975 728 4054 sibi
756 3977 914 4054 credidit
940 3979 1187 4073 Valentinus3
1217 3986 1254 4054 et
1273 3981 1333 4057 sui
1351 3980 1501 4078 milites,

390 4105 453 4202 qui
472 4111 578 4181 erant
596 4105 710 4181 astuti
727 4105 768 4180 in
785 4106 923 4182 bellica
951 4113 1054 4203 arte,
1084 4107 1257 4186 dicebaut
1275 4115 1312 4184 et
1331 4111 1502 4187 cousule-

390 4233 482 4308 bant
499 4253 582 4306 eum
599 4239 776 4331 tanquam
795 4233 982 4310 dominum
1000 4256 1162 4313 suorum.

496 4355 589 4434 Inde
617 4360 720 4436 ciues
742 4362 823 4458 jam
851 4361 1077 4460 conspiranti
1106 4370 1231 4459 erant,
1253 4387 1298 4439 ec
1316 4365 1355 4438 in
1373 4363 1503 4442 seduc-

391 4482 532 4560 cionem
560 4487 753 4585 compositi
781 4509 862 4564 cum
891 4485 1091 4568 Germanis
1118 4492 1215 4567 clam
1239 4511 1318 4568 serr
1336 4499 1501 4570 secreto:

395 4606 525 4705 „Quod
552 4613 685 4689 melius
704 4619 761 4690 est
779 4615 887 4692 nobis
905 4614 1099 4696 adhesisse
1118 4615 1343 4712 Germanis,
1372 4639 1499 4715 quam·

394 4735 519 4810 obrem
538 4733 744 4814 Christiani
762 4742 884 4817 sunt.“
908 4741 1012 4820 Inter
1031 4765 1072 4820 se
1090 4743 1160 4820 hec
1178 4745 1442 4840 decreuerunt,
1461 4753 1499 4822 vt
