3226 5220
413 851 745 960 (OAPITULUM
771 853 870 960 LV).

190 1073 281 1154 Jam
299 1073 425 1152 stabat
442 1073 698 1174 Raxexparte
717 1073 922 1151 Raoomam
935 1075 1045 1172 juxta
1063 1095 1198 1171 aquam

92 1199 239 1298 Tbioie3
259 1210 298 1278 et
316 1202 371 1278 ait
388 1200 471 1277 Rex
488 1201 660 1280 loannes
679 1229 688 1278 ε
711 1201 850 1298 „Vere
869 1223 959 1278 vera
976 1201 1198 1299 proditores,

95 1327 204 1426 eapiti
223 1328 297 1404 mei
316 1327 424 1404 eritis
442 1349 570 1404 omnes
588 1326 740 1404 anel.“
772 1327 913 1403 Postea
936 1326 1083 1404 amissit
1101 1327 1199 1402 Pau·

94 1455 150 1530 lus
166 1453 325 1556 Bakytt
345 1453 473 1532 amisit
490 1452 633 1549 Regem
652 1451 881 1530 Franoisons
900 1452 1079 1532 Beboket
1092 1459 1200 1530 noete

95 1581 302 1678 exiluebat3
331 1580 457 1658 amisit
481 1585 614 1680 postea
642 1579 842 1680 episeopus
870 1577 1000 1656 Simon
1018 1577 1199 1675 Zagrabi·

96 1709 212 1806 ensis,
240 1717 279 1786 et
306 1709 444 1785 multos
468 1707 635 1785 Polonos
662 1706 948 1805 prosternebant
966 1713 1004 1782 et
1021 1705 1201 1806 depreda-

95 1843 222 1914 nerunt
247 1858 326 1913 eos.
356 1835 407 1911 Et
424 1834 473 1911 ad
496 1835 628 1912 villam
656 1832 860 1910 Raoomam
887 1833 1079 1931 equitabat
1104 1831 1199 1929 Rex,

98 1963 155 2040 vbi
173 1961 343 2040 dominns
370 1961 509 2064 Oybak
536 1983 692 2061 paruam
718 1959 1003 2038 thabornnelam
1022 1983 1201 2060 prepara-

97 2096 214 2185 rent,
244 2096 284 2164 et
311 2088 455 2166 Paulus
492 2087 678 2166 Artbandi
716 2109 799 2164 oum
834 2088 950 2164 fratre
978 2109 1047 2164 sno
1071 2085 1202 2165 Blasio

99 2223 333 2294 evanuerant
351 2215 402 2291 ad
421 2213 644 2294 Germanos.
664 2214 717 2290 Et
733 2213 845 2291 valde
865 2214 1107 2294 delususerat
1118 2213 1203 2290 Rex

99 2341 258 2422 loannes
284 2364 354 2442 per
382 2341 605 2422 Germanos.
645 2343 697 2420 Et
723 2342 881 2442 postbao
916 2343 1103 2444 inexperti
1129 2342 1203 2420 viri

101 2471 196 2548 multi
221 2471 424 2550 currebant
450 2470 498 2547 ad
525 2491 660 2570 aquam
689 2494 758 2572 pre
786 2471 920 2548 timore
945 2477 983 2548 et
1001 2471 1206 2548 amiserant

104 2619 210 2695 equos
227 2597 381 2676 velooes
399 2595 447 2674 ad
464 2603 615 2696 terram,
635 2598 764 2698 stipsi
783 2598 831 2675 ad
849 2599 1203 2697 aqnamoorrebant.

102 2723 177 2821 Epo
204 2723 354 2824 quidem
392 2723 514 2802 adhue
540 2733 722 2825 exparte
751 2726 897 2804 stabam
924 2723 1070 2822 Tbooaj
1094 2726 1204 2822 juxta

105 2873 229 2948 aquam
246 2851 466 2952 inrippam;
485 2859 524 2928 et
542 2853 808 2948 confortabam,
828 2873 875 2928 ne
894 2857 1140 2951 properarent
1156 2851 1203 2928 li·

103 2977 173 3056 beri
190 2979 316 3056 anima
335 2978 383 3055 ad
400 2979 615 3079 pernioiem.
645 2980 697 3055 Et
714 2980 767 3057 ibi
786 3001 899 3056 vnnm
927 3000 1062 3076 equum
1080 2977 1203 3078 rapie-

105 3103 178 3191 bam
205 3127 289 3183 oum
317 3126 385 3184 suo
422 3113 630 3206 apparatu,
668 3113 706 3184 et
739 3113 872 3207 postea
898 3128 967 3206 per
993 3111 1204 3204 eomnptnm

107 3239 243 3328 pontem
261 3252 347 3310 oum
372 3253 468 3330 equo
486 3231 661 3332 pedester
687 3235 925 3310 ambulabam
943 3232 1044 3310 vltra
1062 3231 1111 3308 ad
1128 3231 1204 3310 Ro·

108 3356 244 3438 bamam
262 3363 351 3459 post
368 3357 523 3456 Regem.

199 3487 251 3564 Et
267 3487 368 3565 latro
386 3485 524 3588 Oybak
538 3489 617 3586 J'am
636 3493 719 3566 erat
737 3491 933 3586 corruptus
951 3509 1018 3586 per
1036 3483 1207 3566 infideles

107 3609 288 3714 adportes
305 3611 545 3690 Ferdinandi.
573 3613 698 3692 Valde
725 3615 878 3692 volebat
899 3617 979 3712 jam
998 3635 1082 3690 oum
1099 3610 1206 3710 Rege

107 3735 276 3836 fabulare,
296 3737 364 3817 sed
382 3748 612 3836 cognouerat
624 3743 754 3840 Jamse
765 3741 898 3842 ipsum,
917 3739 1016 3839 qnod
1032 3739 1207 3838 periurus

108 3865 333 3944 etiniidelis.
362 3866 451 3946 Jam
476 3869 677 3950 verebatur
706 3868 807 3968 apnd
838 3867 999 3965 Regem,
1028 3863 1095 3944 sed
1121 3864 1206 3942 Rex

108 3991 208 4070 taoito
226 3994 352 4070 animo
380 3995 484 4072 abire
511 3994 611 4072 feeit.
640 3995 692 4072 Et
710 3993 792 4072 Rex
815 3994 980 4072 babebat
996 4015 1071 4069 non
1090 3991 1207 4070 multa

111 4115 296 4216 bominum,
316 4121 379 4218 qui
398 4121 660 4220 equitauerant
679 4145 763 4199 oum
781 4145 826 4198 eo
846 4121 893 4198 ad
912 4113 1200 4217 Debraoem35511

110 4249 162 4320 tm.
188 4247 413 4324 Francisons
442 4245 641 4350 Capolnay
668 4255 751 4326 erat
767 4247 1029 4347 principaliter
1047 4265 1129 4322 oum
1148 4265 1204 4318 eo.

201 4373 293 4452 Inda
312 4399 384 4473 ago
403 4397 485 4454 oum
504 4378 663 4454 lieenoia
691 4376 811 4474 Regia
830 4373 1042 4474 Majestatis
1061 4369 1206 4448 aooessi

112 4495 152 4572 ad
167 4497 398 4602 Sarospatak
415 4525 484 4602 pro
502 4503 530 4581 J
531 4525 651 4580 oanne
669 4503 831 4602 plebano
851 4501 896 4576 de
915 4499 1094 4598 Tbooay‚
1113 4481 1223 4595 quia

113 4627 228 4704 sobam
253 4653 402 4708 nomam
429 4632 609 4732 wlpinam
635 4631 864 4709 tradideram
892 4627 963 4706 sibi
991 4625 1038 4704 ad
1063 4647 1206 4720 manus,

116 4751 189 4844 qnia
203 4777 276 4832 non
303 4755 484 4835 debebam
508 4757 608 4837 ferre
635 4779 748 4856 super
774 4759 927 4855 propter
953 4759 1091 4830 metum
1116 4748 1206 4831 Ale-
