3238 5228
17 405 19 564 l

1125 457 1205 588 24³7

99 713 186 788 circa
202 713 386 813 capellam
406 711 582 790 Omnium
610 710 845 790 Sanctorum.
879 709 930 786 ut
948 733 1014 788 eos
1033 710 1121 787 fecit
1139 733 1205 814 vo-

17 903 18 924 p
100 862 173 916 care
190 839 238 914 ad
255 863 297 917 se
316 841 459 939 ipsum,
489 863 581 938 quos
607 832 662 941 ⁷³'l
688 837 831 916 sciebat
856 860 939 914 esse
958 838 1075 914 fortes
1093 844 1130 912 et
1150 837 1204 912 vi-

99 965 177 1042 riles
195 989 297 1044 ause.
327 967 378 1042 Et
405 989 561 1064 cumque
589 945 881 1041 introucnisscnt
904 963 949 1038 de
968 964 1205 1062 possessione

99 1093 231 1192 capelle
257 1093 421 1191 predicte
443 1093 685 1192 jobagiones‚
706 1099 744 1167 ct
762 1097 906 1167 secrete
932 1113 1000 1189 per
1024 1092 1205 1167 astuciam

17 1297 18 1308 p
99 1241 194 1295 suam
207 1210 381 1317 jurarent
400 1249 409 1294 ε
434 1222 510 1318 „Vt
538 1221 671 1296 melius
690 1219 738 1294 ad
757 1242 889 1314 manus
907 1217 1025 1314 Regis
1044 1218 1071 1295 J
1072 1219 1206 1296 oannis

17 1411 18 1440 p
99 1369 211 1423 arcem
228 1349 372 1424 vellent
390 1347 491 1442 dare,
513 1370 624 1445 quam
642 1346 776 1422 Balica
793 1347 891 1422 latro
908 1368 991 1421 cum
1000 1367 1117 1422 uxore
1136 1367 1205 1421 sua

17 1515 18 1518 κ
100 1498 136 1548 ao
153 1496 232 1550 cnm
259 1474 389 1551 liberis
407 1475 488 1552 suis
506 1497 621 1574 supra
639 1496 708 1550 nos
726 1473 917 1550 dominare
945 1472 1150 1569 inlegitima
1169 1477 1207 1548 et

98 1623 202 1700 sopra
228 1602 380 1700 antiqno
413 1604 499 1700 jure
537 1601 773 1698 antiquomm
800 1607 1013 1678 nostrorum
1040 1599 1206 1676 diciones

17 1817 18 1820 p
100 1727 244 1828 inperat,
264 1737 304 1805 et
322 1729 512 1830 superflua
529 1729 711 1828 quottidie
731 1728 891 1806 intendit
909 1729 955 1805 de
974 1729 1033 1806 die
1052 1729 1091 1804 in
1110 1728 1205 1804 diem

101 1856 256 1956 accipere
284 1857 464 1955 quidquid
487 1859 564 1934 wlt.
594 1857 698 1954 Ergo
717 1855 808 1956 quid
826 1856 936 1932 vobis
953 1855 1101 1932 videtur
1119 1877 1205 1963 con-

17 2017 18 2078 g
100 1981 176 2059 silio
193 1983 265 2059 mei
285 1983 449 2060 verbis.“
481 1982 590 2076 Quod
617 2005 773 2081 cumque
803 1983 996 2059 audissent
1014 1981 1198 2059 dixerunt:

104 2107 153 2201 „0
170 2107 316 2185 domine
335 2109 576 2206 charissime,
605 2112 748 2188 vduam
773 2132 968 2210 possemus
987 2131 1070 2184 cum
1089 2095 1205 2186 domi-

100 2233 243 2312 nacione
279 2244 409 2314 vestra
445 2236 621 2314 habere.“
661 2236 770 2312 Dixit
807 2235 973 2312 Michael
1008 2235 1204 2313 sacerdos:

104 2361 319 2454 „Possumus
346 2363 442 2438 bene
471 2369 509 2439 et
536 2363 673 2440 leuiter
692 2363 741 2438 ad
758 2384 891 2439 manus
909 2360 1027 2460 Regis
1045 2361 1072 2438 J
1074 2361 1206 2438 oannis

101 2486 285 2584 adhibere,
324 2489 555 2566 solummodo
583 2490 741 2589 quilibet
769 2489 934 2588 deponat
955 2492 1205 2588 juramentum

101 2615 140 2689 ad
157 2615 263 2693 fidem
283 2617 427 2693 suam.“
458 2617 510 2694 Et
528 2641 615 2695 mox
638 2619 752 2715 ulgus
771 2617 940 2717 deposuit
953 2620 1205 2716 juramentum

101 2742 140 2816 ad
157 2741 262 2819 fidem
281 2766 405 2840 suam,
426 2752 467 2820 vt
484 2768 531 2820 ne
550 2745 599 2821 ab
618 2745 673 2822 cis
693 2745 922 2842 exfametur3
951 2751 988 2820 et
1016 2741 1087 2818 hoc
1105 2743 1204 2818 faee-

100 2877 182 2967 reut,
202 2871 380 2971 quidquid
398 2872 454 2948 eis
463 2872 673 2972 preciperet
682 2873 862 2969 magister
880 2871 1037 2970 capelle,
1058 2869 1129 2945 hoo
1148 2876 1206 2946 est

102 3003 266 3092 patronus
291 3021 428 3076 eorum.
458 2999 510 3074 Et
536 2979 834 3098 spoponderunt3
872 2997 1006 3074 etheo
1033 3003 1140 3075 erant
1167 2996 1205 3070 in

102 3146 225 3222 magna
243 3131 378 3224 quarta
395 3125 503 3202 feria.
531 3125 708 3224 Precepit
734 3124 957 3222 singillatim
976 3125 1053 3220 eis,
1073 3131 1113 3199 vt
1131 3123 1206 3200 sint

102 3251 309 3349 tempestiue
337 3274 422 3328 cras
440 3251 489 3328 ad
506 3252 723 3350 prandium,
754 3253 842 3350 quia
860 3258 961 3328 esset
979 3253 1110 3350 quinta
1127 3275 1205 3327 ma-

102 3398 170 3470 gna
186 3377 290 3473 feria,
311 3376 384 3455 hoo
402 3385 460 3455 cst
478 3402 571 3456 cena
589 3379 753 3455 Domini.
778 3379 854 3476 „Et
867 3378 1026 3477 quilibet
1041 3385 1207 3464 vestrum,

102 3523 202 3580 vnum
220 3527 334 3582 vnum
352 3505 538 3582 securium
556 3507 672 3584 ferret
690 3517 772 3582 cum
782 3528 826 3582 eo
835 3505 972 3583 bonam
988 3528 1062 3580 non
1080 3505 1202 3603 plus.“

195 3632 246 3709 Et
254 3631 311 3710 sic
329 3655 410 3708 cum
430 3634 772 3733 appropinquasset
790 3656 929 3731 magna
949 3633 1081 3732 quinta
1098 3629 1205 3724 feria,

103 3756 135 3831 in
145 3783 224 3837 arcs
235 3759 467 3839 erantmultc
477 3755 653 3861 nobile(s)
666 3759 844 3837 mulieres
854 3767 1010 3860 propter
1027 3759 1205 3839 dissensi-

104 3907 182 3964 ones
199 3885 321 3986 Regni
332 3885 541 3984 Hungarie‚
562 3909 719 3984 quarum
739 3887 870 3964 relicte
888 3894 996 3966 erant
1013 3910 1080 3987 per
1108 3885 1205 3963 'l'ra-

103 4009 233 4090 siannm
244 4013 360 4089 'Iwan
378 4011 481 4089 Char
499 4013 539 4088 in
553 4013 657 4090 bello
678 4011 879 4110 Traciano,
900 4019 938 4088 et
955 4013 1207 4109 lugubrabant

103 4136 236 4236 lugubri
273 4145 391 4217 veste.
439 4139 691 4216 Accesserant
728 4137 776 4214 ad
812 4139 1044 4237 capitaneum
1073 4139 1206 4215 Balica

102 4261 233 4344 idcmin
244 4289 346 4360 arce,
365 4273 404 4342 et
422 4266 661 4366 suplicabant
679 4289 724 4342 ac
742 4268 947 4365 rogabant:
962 4261 1204 4368 „Qua(m)ob-

102 4411 166 4468 rem
184 4393 303 4470 Turci
324 4393 444 4469 eciam
465 4415 588 4469 arcem
608 4400 774 4470 nostram
788 4395 868 4492 jam
887 4394 1004 4470 libere
1013 4391 1202 4491 permisis·

104 4527 192 4614 sent,
213 4526 250 4596 ct
269 4518 479 4596 audiuimus
500 4518 670 4596 dominus
688 4521 873 4618 plebanus
890 4521 1035 4617 pulsum
1053 4519 1204 4598 lecisset

107 4645 270 4740 primum,
291 4653 330 4722 et
347 4647 531 4723 vellemus
550 4645 682 4722 audire
701 4669 831 4722 cenam
850 4646 1002 4722 Domini
1021 4649 1136 4724 semel
1163 4647 1202 4722 in

107 4790 201 4849 auno.
220 4773 270 4852 Et
283 4777 363 4873 Jam
390 4773 562 4872 quartale
590 4796 752 4851 annuum
776 4773 956 4854 habemus
980 4773 1019 4852 iu
1038 4798 1124 4853 aroc
1142 4797 1200 4850 rc·
