3260 5226
1152 537 1228 614 ael

117 731 199 807 suis.
215 733 342 829 „Ergo
355 731 833 810 illustrissimadominaoio
844 741 970 810 vestra
980 758 1027 812 ne
1037 735 1152 810 faeiat
1160 739 1230 813 ali-

118 882 218 953 quam
238 862 460 936 nilamonem
481 861 525 933 de
546 861 617 934 hae
635 883 687 954 re,
708 860 773 935 sed
793 860 1080 938 statimdimitos
1100 871 1231 942 eontra

117 1011 192 1061 eum
212 1011 258 1062 ex
279 988 431 1064 milibus
450 987 586 1062 vestris
612 985 811 1082 aliquem.“
845 985 952 1061 Dixit
978 989 1229 1084 gubernator:

119 1113 253 1206 „Quem
284 1115 466 1188 vellemus
503 1111 632 1188 mitere
661 1119 791 1190 eontra
818 1135 901 1188 eum
922 1114 1075 1216 Dooy!“
1122 1117 1231 1193 Dixit

118 1239 247 1340 Doey:
273 1242 418 1336 „Vere
441 1239 588 1315 domine
607 1239 891 1334 Illustrissime,
922 1248 981 1316 est
1008 1265 1103 1318 vnus
1121 1243 1231 1320 miles

117 1367 256 1444 iuuenis
286 1366 513 1444 Francisens
541 1367 658 1462 Pani,
695 1367 760 1441 ille
788 1369 925 1442 bonum
954 1369 1062 1444 erit.“
1096 1369 1226 1468 Ipsum
1265 1369 1274 1386 ⁸

115 1494 195 1569 ilioo
223 1495 518 1580 invitatuserat
548 1493 776 1569 Franoiseus
805 1495 921 1588 Pari,
954 1501 992 1568 vt
1010 1495 1081 1569 iret
1100 1504 1231 1575 eontra

115 1621 269 1722 (iybak,
300 1632 337 1698 et
365 1624 551 1722 captiuum
581 1623 730 1698 duceret
759 1623 807 1696 ad
834 1624 1099 1717 gubernatoris
1124 1626 1231 1724 papi·

116 1751 222 1824 lione.
254 1749 461 1848 Respondit
489 1749 715 1825 Franoiseus
744 1749 870 1822 Pani:
904 1749 1024 1846 „Nolo
1053 1773 1136 1826 esse
1165 1752 1232 1826 toti

115 1877 293 1972 regniboli
324 1877 518 1972 Hungarie
547 1855 709 1950 infidelis
743 1898 787 1978 ae
815 1876 969 1972 insuper
1007 1875 1229 1952 homicida.“

117 2005 167 2076 Ar
186 2004 359 2080 dominns
379 2005 556 2080 Vrbanus
576 2002 669 2079 dixit
687 2001 833 2076 domino
852 2001 990 2078 Joanni
1010 2003 1140 2104 Dooy:
1165 2003 1229 2101 „si

114 2133 199 2206 mibi
229 2131 384 2206 donaret
412 2139 525 2206 totam
554 2130 829 2230 possessionem
858 2151 963 2205 suam
993 2138 1147 2229 propter
1175 2113 1230 2205 in'-

114 2259 329 2332 fidelitatem
349 2265 479 2333 eontra
498 2256 641 2352 Regem
662 2263 699 2329 et
718 2263 848 2330 eontra
867 2257 1175 2352 gubernatorem,
1196 2265 1233 2332 et

115 2387 147 2458 in
177 2387 349 2460 manibus
378 2385 471 2459 meis
506 2385 682 2458 haberem
720 2381 984 2458 donooionalia
1011 2383 1231 2478 litterarum,

115 2537 197 2587 mox
216 2535 288 2608 ego
307 2511 523 2588 aeoederem
543 2533 627 2585 eum
645 2509 768 2584 seruis
796 2509 909 2604 meis3
939 2518 977 2584 et
995 2511 1153 2586 ducenta
1171 2535 1233 2608 pe·

114 2640 208 2713 dites
222 2638 477 2735 janobarones
496 2641 605 2735 juxta
625 2659 788 2730 meeum,
809 2659 880 2732 ogo
900 2637 1027 2713 statim
1046 2637 1233 2735 captiuum

113 2765 283 2841 ducerem
312 2765 358 2839 ad
388 2741 574 2840 dominum
603 2787 723 2840 meum
752 2765 1094 2860 gubernatorem.“.
1111 2763 1233 2856 Quum

113 2893 277 2968 audisset
296 2893 465 2970 Joannes
485 2893 610 2992 Dooy,
633 2895 766 2967 iterum
782 2893 956 2968 swadere
976 2891 1077 2990 oepit
1094 2894 1231 2987 guber-

114 3031 279 3098 natorem
299 3021 366 3096 tali
386 3022 513 3111 modo,
545 3022 641 3096 sieut
659 3019 739 3116 ipse
759 3019 937 3095 Vrbanus
958 3019 1135 3118 Battyeni
1154 3020 1233 3094 vel·

117 3151 163 3222 let
182 3149 326 3224 babere
354 3154 467 3222 totam
497 3147 686 3246 propriam
706 3147 984 3244 possessionem
1003 3153 1089 3244 post
1107 3145 1233 3222 deces-

114 3299 191 3350 sum
213 3277 347 3373 ipsios.
369 3273 433 3348 Ait
451 3274 621 3350 dominus
640 3277 889 3370 gubernator:
906 3274 998 3370 „Est
1017 3297 1232 3350 eoncessum

115 3403 219 3478 sibi‘·
245 3403 296 3476 Et
315 3401 441 3510 statim
461 3401 542 3476 sine
561 3423 663 3476 mora
683 3423 765 3476 eum
776 3401 930 3476 Vrbano
951 3399 1148 3475 Litterato.
1171 3400 1232 3496 qui

113 3537 191 3603 orat
211 3530 382 3604 notarius
411 3551 536 3601 eornm
566 3530 673 3602 ambo
703 3553 745 3602 ae
776 3527 1123 3602 vieethezaurarius
1151 3535 1234 3624 post

114 3657 136 3732 ‚J
139 3679 295 3732 oannem
310 3655 437 3754 Dooy3
455 3663 492 3728 et
502 3655 582 3752 ipse
593 3655 718 3730 statim
729 3653 1234 3752 proscripsitdonaoionales‚

113 3791 146 3858 rt
165 3785 283 3858 allate
306 3791 413 3855 erant
432 3782 469 3854 in
490 3783 659 3864 manibus
678 3781 824 3858 Vrbani
843 3779 885 3830 9⁹·
897 3793 935 3880 ῥ’·
959 3779 1151 3880 Battyani.

217 3907 307 4006 Ipse
326 3929 407 3980 eum
427 3907 565 4002 gaudio
590 3931 725 4003 magno
745 3929 924 4003 egressus
943 3913 1102 3982 osteum
1121 3912 1233 4002 gente

115 4059 179 4108 stra
207 4033 397 4132 prodicta.
438 4057 593 4129 cumque
631 4037 973 4135 appropinquasset
1008 4031 1233 4109 thentoriom

115 4163 248 4237 domini
271 4161 420 4260 Cybak,
442 4167 479 4236 et
498 4169 579 4236 erat
598 4162 709 4236 valde
729 4185 848 4246 mane,
871 4160 909 4235 id
928 4166 1091 4235 estante
1111 4167 1231 4235 ortum

116 4292 218 4366 solis.
241 4291 292 4364 Et
312 4289 407 4362 dixit
436 4291 614 4364 Vrbanus
644 4291 821 4389 Battyani
843 4317 851 4362 :
877 4287 1062 4385 „Domine
1081 4283 1231 4385 Cybak,

116 4441 224 4512 surge
246 4423 283 4490 ot
303 4402 390 4490 veni
410 4416 457 4490 ad
478 4415 665 4490 dominum
690 4413 1016 4510 gubernatorem.“
1050 4411 1135 4508 Ipse
1155 4407 1232 4510 Oy·

113 4548 188 4622 bak
208 4545 331 4618 adlme
350 4551 430 4616 erat
449 4543 488 4616 in
508 4542 663 4618 camisia
679 4566 724 4617 ao
742 4541 852 4616 nudis
871 4539 1012 4638 plantis
1031 4543 1067 4614 et
1086 4537 1231 4634 cupitis,

116 4685 150 4748 et
171 4672 290 4748 adhue
312 4671 517 4746 dormiebat
537 4671 573 4744 in
593 4671 752 4746 tentorio
771 4691 982 4746 sueresoen.
1003 4664 1073 4740 sni.
1093 4663 1141 4739 Et
1161 4669 1232 4737 tre·

116 4802 205 4876 muit
225 4797 381 4899 (lybaoh
394 4798 515 4881 valde,
537 4821 647 4894 qurum
657 4799 813 4875 vidisset
823 4798 1018 4874 Vrbanam
1029 4814 1110 4866 eum
1120 4797 1231 4886 gente
