3294 5208
273 379 442 517 ⁴10

390 660 497 716 suum
515 637 564 712 ad
581 660 687 713 suam
705 636 955 730 voluntatem,
976 641 1174 732 quattenus
1192 632 1377 710 Mathiam
1394 633 1502 710 Wai-

391 763 528 839 dafiam
546 764 723 839 ducerent
751 763 797 838 de
815 763 943 858 Praga
970 760 1019 834 ad
1046 760 1283 856 Regietatem
1301 759 1503 856 Hungaro-

390 911 482 966 rum.
512 889 622 964 Dixit
640 889 823 964 Nicolau's
842 887 1033 985 palatinus
1051 886 1101 961 ad
1114 885 1341 962 Michaelem
1351 886 1502 982 Zilagi:

394 1014 480 1112 „Sis
497 1014 591 1090 mihi
616 1015 810 1111 pollicitus
838 1012 886 1087 ad
913 1011 1042 1106 fidem,
1072 1011 1171 1108 quod
1199 1019 1236 1088 et
1262 1019 1304 1086 tu
1331 1019 1368 1088 et
1386 1013 1505 1088 trater

388 1147 474 1216 tuus
503 1139 670 1215 Mathias
697 1137 886 1216 Waidafia
914 1161 962 1212 ne
989 1159 1048 1212 me
1076 1138 1271 1212 contrade
1290 1145 1409 1213 morte
1427 1137 1503 1212 La-

389 1266 502 1342 dislai
519 1265 709 1343 Waidafia
726 1265 856 1341 fratris
883 1265 938 1339 tui
967 1264 1131 1358 aliquam
1149 1262 1326 1338 insidiam
1343 1265 1406 1338 vel
1424 1287 1503 1340 mo·

388 1392 539 1468 lestiam
566 1391 801 1486 gerucraret.“
833 1388 900 1464 Ait
918 1388 1086 1464 Miehael
1103 1389 1230 1484 Zilagi
1250 1416 1259 1462 :
1284 1389 1392 1486 „Ego
1412 1412 1500 1486 spo-

387 1517 511 1615 ponde
529 1523 566 1591 et
583 1516 782 1594 fideiussor
809 1538 873 1591 ero
902 1515 940 1590 in
970 1537 1134 1611 persona
1160 1516 1290 1592 fratris
1317 1516 1392 1592 mei
1418 1514 1501 1590 Ma-

387 1640 468 1716 thie
494 1641 720 1718 Waidafia.“
751 1639 995 1718 Alternantes
1031 1663 1163 1717 manus
1191 1664 1280 1716 suas
1318 1663 1401 1715 cum
1429 1640 1502 1716 fide

388 1768 544 1862 robora,
565 1767 749 1843 Nicotaus
776 1767 967 1864 palatinus
1004 1768 1053 1842 ad
1080 1766 1224 1842 Budam
1252 1766 1369 1842 cicius
1397 1767 1500 1863 equi·

385 1893 501 1988 teuit,
522 1900 560 1968 ct
586 1894 713 1970 statim
742 1894 924 1991 epistolas
956 1891 1122 1968 missiles
1151 1893 1253 1968 misit
1280 1891 1328 1966 ad
1346 1893 1499 1990 prouin-

232 2041 235 2051 ’
387 2019 467 2094 cias
503 2018 700 2115 Huugaric
737 2025 774 2094 et
808 2019 858 2094 ad
893 2018 1099 2113 comitates,
1120 2024 1161 2092 vt
1188 2018 1314 2094 statim
1342 2019 1502 2116 quilibet

386 2146 598 2242 subscripto
624 2145 838 2242 punitionis
866 2150 967 2220 esset
1002 2143 1051 2218 ad
1088 2145 1223 2219 festum
1252 2144 1502 2220 assumcionis

388 2269 512 2346 Mario
542 2269 645 2346 1440
673 2269 720 2371 ⁵¹⁸).
751 2271 801 2344 Et
830 2269 958 2344 statim
986 2291 1186 2346 occurrens
1215 2268 1382 2344 Miehael
1417 2291 1498 2345 cum

387 2418 523 2490 magno
543 2397 710 2471 exercitu
738 2404 775 2470 et
803 2395 851 2470 ad
869 2393 1013 2468 Budam
1040 2395 1207 2472 intrauit.
1237 2397 1287 2470 Et
1315 2395 1405 2470 fecit
1422 2397 1500 2470 cla-

387 2544 489 2596 mare
508 2523 612 2598 solus
631 2523 813 2598 Nicolaus
832 2522 1022 2619 palatinus
1043 2527 1219 2596 etomnes
1232 2543 1315 2596 cum
1333 2523 1412 2598 suis
1430 2545 1497 2619 pa·

386 2647 510 2742 uibus,
531 2647 629 2744 quod
655 2647 814 2723 vidisset
834 2647 1062 2721 Michaelem
1090 2646 1217 2740 Zilagi
1251 2668 1333 2720 cum
1360 2669 1498 2741 magna

385 2774 495 2848 turba
514 2773 713 2848 intrantem
743 2773 907 2866 Budam,
929 2779 965 2847 et
993 2770 1128 2844 vadum
1147 2771 1239 2846 Pest
1267 2779 1498 2868 occupasset,

386 2921 462 2973 vox
481 2921 563 2973 mea
583 2922 666 2974 cum
692 2901 864 2998 partibus
892 2898 987 2973 meis
1019 2896 1209 2993 „Mathias
1237 2897 1411 2970 waidafia
1439 2907 1498 2974 est

387 3021 471 3098 Rex
489 3023 791 3118 Hungarorum.“
824 3025 875 3098 Et
902 3023 1006 3098 illico
1026 3021 1201 3098 similiter
1220 3045 1302 3097 oum
1321 3029 1497 3097 oetereua

387 3169 456 3222 sua
484 3147 650 3222 Miehael
679 3147 805 3243 Zilagi
844 3171 927 3222 cum
963 3148 1153 3223 nobilibus
1192 3155 1229 3222 et
1264 3147 1498 3244 ignobilibus

387 3271 565 3368 clangore
584 3295 731 3368 magno,
753 3279 794 3345 vt
812 3273 862 3346 sit
881 3271 1047 3347 Mathias
1065 3273 1267 3349 Waidafia.

493 3397 573 3472 Ista
592 3398 692 3472 fama
712 3399 758 3473 de
777 3397 977 3494 Hungaria
996 3401 1121 3474 sonuit
1140 3401 1179 3474 in
1198 3400 1351 3476 auribus
1372 3399 1494 3474 Bohe-

386 3521 460 3596 mie
479 3521 610 3618 Regis.
641 3523 731 3598 llox
757 3525 981 3622 perterritus
1010 3533 1087 3620 est,
1118 3525 1205 3622 quia
1234 3527 1303 3600 sub
1329 3523 1498 3600 custodia

387 3653 467 3722 erat
485 3647 706 3724 adolescens
737 3650 904 3726 Mathias
932 3651 1143 3746 Waidafia‚
1165 3657 1201 3725 et
1228 3651 1327 3748 quod
1354 3651 1393 3726 in
1413 3657 1497 3726 ortu

385 3773 641 3852 deambularet
660 3797 742 3850 cum
758 3777 932 3880 tristicia.
962 3777 1046 3853 Rex
1065 3778 1214 3874 quidem
1232 3777 1397 3853 habebat
1414 3777 1497 3875 pul-

385 3923 487 3976 cram
514 3903 678 3999 puellam
708 3901 936 3979 Oaterinam.
967 3902 1053 3979 Cito
1082 3926 1219 3980 vocare
1255 3905 1345 3980 fecit
1381 3904 1430 3978 ad
1457 3927 1499 3978 se

389 4027 485 4124 Rex,
506 4028 602 4102 dixit
620 4029 759 4104 ancille
778 4049 844 4104 suc
859 4025 895 4132 4}
908 4056 917 4102 ι
932 4027 1041 4126 „Cito
1052 4037 1203 4124 rogote,
1217 4037 1258 4102 vt
1276 4030 1401 4104 statim
1420 4051 1499 4104 ser-

384 4159 460 4226 tam
480 4154 526 4228 de
545 4175 632 4228 caro
644 4151 736 4228 flore
756 4155 934 4251 optimam
953 4177 998 4230 ac
1018 4157 1232 4252 opulentam
1250 4156 1342 4251 liga,
1355 4162 1392 4230 et
1411 4177 1498 4252 pro-

385 4279 441 4354 fer
460 4279 508 4353 ad
527 4284 638 4375 caput
664 4279 831 4377 propriis
859 4279 1031 4357 manibus
1058 4283 1133 4358 tuis
1154 4280 1323 4356 Mathiae
1342 4279 1497 4356 Weida-

384 4403 460 4480 fii.“
484 4404 584 4496 Quia
610 4406 685 4481 iam
712 4413 890 4503 penserat
913 4407 996 4484 Rex
1017 4407 1217 4504 Bohemie‚
1238 4415 1278 4483 vt
1297 4414 1397 4484 esset
1416 4407 1499 4482 Rex

382 4623 671 4636 ——-.-—.-....

419 4714 451 4776 *t
465 4712 668 4784 llolyesebben
682 4715 808 4784 „law
823 4717 867 4770 W.
