3260 5226
368 469 447 550 328

366 671 518 770 'giebat,
548 667 727 764 quiajam
749 667 895 741 demum
923 667 1093 744 Joannos
1119 665 1200 742 Rex
1221 667 1332 742 nimis
1351 689 1507 766 pauper
1593 697 1594 708 ¹

372 805 464 876 erat.
486 797 693 893 Propterea
717 801 799 869 erat
828 788 912 870 Rex
941 815 1100 886 auarus,
1132 793 1219 892 quia
1237 814 1313 868 non
1331 792 1508 868 habebat

368 929 447 1024 jam
466 921 564 997 vnde
584 921 768 1018 aooipere.
794 919 843 994 Et
861 919 945 1016 ipse
963 922 1191 1016 guberuator
1212 919 1323 996 valde
1342 919 1506 1019 copiose

1594 812 1596 866 l

1596 896 1597 944 l

374 1049 621 1128 distribuebat
645 1055 713 1146 pro
743 1047 915 1124 seruioiis
943 1047 1123 1126 militibus
1153 1047 1447 1144 Hungarorum,
1469 1054 1509 1120 et
1598 1066 1599 1092 ¹

375 1177 572 1254 ourrebant
601 1173 649 1250 ad
669 1197 751 1249 eum
781 1175 877 1250 siout
906 1173 1188 1251 Antichristnm.
1218 1173 1270 1248 Et
1288 1181 1371 1250 erat
1390 1173 1509 1248 miles

376 1303 596 1380 adolescens
616 1300 764 1397 quidam
785 1299 992 1396 Hungarus
1002 1302 1151 1377 nomine
1163 1299 1390 1378 Franoiseus
1402 1298 1505 1374 Pari
1601 1318 1603 1410 ᾗ

377 1453 459 1506 oum
478 1429 750 1526 quinquaginta
771 1430 887 1526 equis.

485 1554 558 1630 Hie
578 1555 856 1648 aoousaoiones,
879 1543 950 1650 que
969 1555 1061 1630 fiunt
1070 1555 1109 1630 in
1119 1554 1201 1630 dies
1211 1561 1342 1630 eontra
1360 1553 1508 1656 Cybalr
1604 1572 1606 1666 ᾗ

379 1681 554 1758 Emerioo
593 1705 719 1794 eoram
756 1685 1026 1778 gubernatore,
1066 1687 1244 1758 sonuerat
1281 1681 1319 1756 in
1348 1681 1510 1758 auribus

380 1807 540 1883 Emerioi
562 1807 700 1909 Cybak
729 1808 774 1882 do
799 1809 914 1884 verbo
933 1808 981 1882 ad
1001 1809 1174 1898 verbum,
1205 1807 1301 1904 quod
1329 1807 1511 1884 dominus

380 1935 610 2029 gubernator
629 1934 830 2010 aduersum
849 1935 1006 2010 haberet
1023 1933 1186 2010 furorem
1207 1940 1336 2010 eontra
1351 1931 1508 2033 Oybalr.

380 2059 430 2134 Et
448 2061 520 2136 iste
546 2059 685 2161 Oybak
713 2062 855 2138 fenerat
883 2085 993 2136 vuam
1022 2067 1162 2138 oratam
1182 2059 1227 2134 de
1247 2083 1340 2158 puro
1356 2058 1509 2156 fulgido

382 2209 474 2262 auro
494 2209 540 2261 en
560 2187 752 2262 duodecim
778 2187 939 2286 ponder.
970 2185 1207 2280 markarum,
1238 2193 1275 2260 et
1293 2207 1375 2260 eum
1396 2185 1508 2260 fabro

382 2313 463 2390 auri
493 2313 634 2390 Buden.
665 2313 872 2390 Oristoioro
905 2314 1135 2412 soulptarum
1165 2313 1325 2404 leserat,
1355 2319 1393 2386 et
1420 2333 1508 2386 enm

381 2438 572 2538 lapidibus
591 2437 751 2515 hornata
770 2449 863 2516 erat.
894 2439 943 2513 Et
961 2437 1263 2537 hespisoopatum
1292 2437 1508 2516 Varadien·

383 2567 487 2642 sibus
516 2589 598 2640 enm
627 2567 842 2662 regionibus
881 2567 978 2660 suis,
1009 2574 1046 2640 et
1075 2563 1238 2640 Giwlen.
1267 2589 1390 2640 aream
1421 2587 1509 2642 oum

383 2693 642 2790 possessione,
663 2718 708 2768 ae
729 2717 853 2768 arcem
883 2693 1125 2788 Vilagoswar
1154 2713 1237 2766 oum
1266 2693 1509 2790 possessione

384 2841 464 2908 sua,
486 2841 530 2894 ao
550 2821 746 2896 rastellum
767 2819 905 2895 Posam
925 2841 1008 2894 oum
1028 2819 1268 2916 possessione
1288 2841 1369 2914 sua,
1389 2827 1428 2894 et
1446 2843 1509 2896 ar-

385 2969 464 3019 cem
480 2947 559 3042 jam
580 2946 752 3046 Hwnyad
778 2968 859 3020 oum
890 2945 1042 3042 regione
1060 2967 1150 3041 sua;
1178 2945 1251 3022 ista
1270 2954 1403 3022 ennete
1422 2971 1509 3047 pre·

387 3072 527 3170 seripta
545 3076 781 3168 gubernabat
801 3099 845 3149 ao
864 3073 1095 3172 possidebam
1115 3081 1152 3150 et
1170 3074 1333 3152 habebat
1351 3074 1508 3152 thezau-

389 3221 470 3274 rum
489 3201 574 3296 plus
594 3224 704 3295 quam
724 3181 833 3275 oenta
852 3199 956 3276 milia
976 3201 1316 3300 maroisinpromtu
1336 3203 1508 3300 poouuie.

388 3323 507 3400 Mouit
535 3350 576 3402 se
603 3327 773 3402 dominus
801 3325 940 3426 Cybak
969 3327 1013 3402 de
1044 3303 1249 3404 Waradino
1268 3327 1315 3402 ad
1335 3327 1508 3406 Transit·

388 3453 548 3528 waniam
578 3475 669 3548 erga
696 3455 984 3548 gubernatorem
1012 3474 1094 3529 oum
1122 3454 1253 3551 paucis
1280 3461 1422 3530 tantum
1451 3457 1508 3530 vi·

386 3577 479 3672 ginti
508 3577 671 3676 quinque
700 3577 887 3676 equitibus
914 3601 989 3653 non
1017 3578 1162 3656 babens
1189 3581 1259 3656 sub
1278 3603 1318 3655 se
1337 3579 1387 3656 ad
1404 3581 1508 3676 equi·

386 3703 537 3783 tandum
566 3705 614 3780 ad
641 3705 940 3801 gubernatorem.
968 3701 1065 3806 ⁹⁸·jl'·
1096 3703 1147 3780 Et
1169 3706 1380 3782 transvexit
1396 3729 1439 3782 se
1458 3705 1507 3782 ad

387 3829 728 3908 'l'ranssilwaniam
749 3855 842 3928 erga
859 3832 1165 3926 gubernatorem,
1186 3838 1227 3906 vt
1244 3853 1326 3908 eum
1346 3832 1507 3909 muneri·

307 4040 312 4055 ,
388 3960 458 4034 bus
476 3959 554 4034 suis
573 3959 763 4034 edomaret
789 3959 994 4038 rankorem
1012 3981 1138 4054 suam,
1168 3959 1335 4054 relaxet,
1355 3967 1392 4037 et
1410 3981 1506 4036 nuno

390 4085 534 4163 vireret
561 4085 710 4186 Cybak.
740 4085 789 4160 Et
816 4107 898 4162 oum
927 4109 972 4161 eo
1000 4094 1185 4162 sumserat
1213 4086 1365 4163 Petrum
1383 4109 1508 4162 saeer-

389 4215 511 4290 dotem
538 4211 779 4306 Orowaoum,
801 4219 837 4288 et
855 4234 938 4288 oum
958 4233 1002 4288 eo
1023 4207 1213 4287 Gottbard
1241 4211 1363 4302 Kwn,
1384 4223 1421 4288 et
1441 4235 1507 4290 no-

389 4341 487 4417 biles
506 4337 764 4416 adolescentes
783 4346 926 4416 tantum
944 4359 1026 4413 oum
1046 4359 1091 4414 eo
1110 4345 1229 4416 erant.

499 4465 548 4542 Et
561 4469 672 4566 juxta
693 4471 875 4541 Kotosaar
894 4459 930 4564 *)
957 4470 1082 4542 eastra
1110 4473 1271 4542 metatus
1290 4473 1372 4542 erat
1391 4465 1507 4542 domi·

427 4753 456 4819 *p
478 4749 542 4804 lits
561 4747 615 4803 ten
634 4747 704 4802 oleat
721 4744 835 4818 javltva
855 4747 1044 4812 „Brassovia'
