3294 5208
417 391 469 472 28

419 619 488 674 sna
505 595 616 672 valde
635 601 830 692 magnates
857 598 896 672 et
913 597 1101 696 principes
1128 599 1319 694 movebat,
1348 607 1390 676 nt
1416 601 1538 678 filiurn

420 745 526 800 sunm
545 729 789 818 coronarent,
818 731 865 828 ct·
885 723 1060 801 dicebant
1069 725 1302 804 incessanter
1320 725 1538 825 Hungaris:

419 849 607 948 ,Quodsi
625 850 740 928 filium
769 873 891 928 meum
920 851 1164 950 neglexeritis
1183 861 1539 950 coronamentum

418 976 500 1056 sinc
519 975 627 1052 dubio
645 975 814 1075 peribitis
825 977 858 1074 ;“
888 984 928 1054 ct
944 979 1137 1056 multocies
1165 978 1325 1066 dicebat.
1343 979 1480 1058 Semel
1497 982 1541 1058 in

419 1104 499 1200 vita
517 1125 585 1182 sua
603 1103 686 1182 Rex
703 1105 1036 1201 congregacionem
1053 1101 1251 1209 fecerat*),
1271 1114 1313 1182 vt
1327 1105 1429 1204 filius
1444 1129 1541 1186 suns

344 1253 346 1264 ·
419 1231 591 1309 coronari
608 1229 763 1326 debeat,
792 1252 947 1330 cumque
973 1230 1163 1334 principes
1190 1239 1228 1308 et
1244 1233 1379 1332 prelati
1397 1235 1539 1312 sensis-

418 1365 502 1436 sent
519 1356 664 1436 libitum
683 1355 820 1454 Regis,
841 1364 1007 1436 attamen
1024 1358 1064 1434 in
1082 1359 1378 1456 congregacione
1387 1359 1541 1438 nobiles

419 1491 457 1562 et
475 1483 663 1582 ignobiles
681 1484 905 1592 clamabant,
926 1507 1011 1564 csse
1029 1483 1174 1583 Regem
1197 1483 1384 1566 Jocnnom
1402 1485 1538 1564 Corvi-

306 1685 308 1692 ,
419 1631 505 1688 num
523 1610 638 1688 filiurn
657 1610 777 1709 Regie
796 1611 1018 1712 Majestetie,
1048 1613 1244 1690 concilium
1261 1613 1424 1691 inierunt
1439 1614 1539 1692 inter

419 1762 461 1816 se
479 1761 525 1815 ac
541 1735 795 1816 decreuerunt.
823 1736 1064 1816 Intrauorunt
1080 1739 1129 1816 ad
1147 1739 1289 1836 Regem
1308 1747 1346 1816 et
1363 1741 1539 1817 obsecra·

419 1868 511 1944 bant
529 1885 612 1944 cum
639 1865 801 1943 maxima
827 1866 1078 1963 supliocoione
1096 1865 1269 1982 Regem,
1283 1865 1382 1964 quod
1409 1867 1539 1944 volunt

420 2015 610 2072 asurmcre
628 1994 668 2070 in
686 1993 829 2090 Regem
849 1993 965 2071 filium
993 1983 1100 2072 suuni
1128 1994 1155 2072 J
1157 1999 1314 2069 oannem
1336 1992 1537 2070 onmium

387 2127 391 2136 '
419 2128 503 2220 post
520 2121 712 2198 decessum
731 2141 850 2198 suum.
880 2120 1130 2198 chaudiens
1148 2120 1263 2198 dixit:
1297 2119 1406 2217 ,Non
1425 2121 1537 2198 credo

309 2247 311 2252 ’
419 2248 638 2328 vobisdum
666 2250 812 2344 vivam,
841 2256 883 2326 vt
910 2249 1010 2347 liatf‘
1042 2249 1208 2336 Tbomas
1233 2248 1539 2348 archiepiscopus

420 2377 701 2474 Strigoniensis,
719 2399 829 2474 quern
846 2385 1043 2454 creaucrat
1060 2377 1144 2454 Rex
1163 2377 1210 2454 ad
1229 2376 1461 2475 (lignitatem,
1479 2375 1537 2452 oi-

418 2497 590 2608 xit:'⁰·lv·
618 2503 799 2601 „Domine
818 2503 914 2600 Rex,
944 2511 985 2579 vt
1001 2504 1146 2580 faciant
1167 2505 1420 2602 juramentum
1435 2503 1537 2602 prin·

344 2697 348 2706 .
420 2631 524 2730 cipes
543 2635 581 2706 et
597 2627 733 2727 prelati
758 2629 968 2729 septicies.“
1000 2629 1111 2706 Dixit
1127 2628 1231 2706 Rex:
1264 2628 1374 2728 ,Non
1391 2635 1536 2707 tanturn

419 2759 577 2858 sepcies,
597 2756 664 2836 scd
682 2763 826 2834 tantum
854 2757 1087 2855 qninqnles.“
1118 2753 1324 2834 armantes
1341 2763 1538 2853 armates

422 2884 688 2982 Hungcrorum
706 2885 830 2981 ajunt:
855 2881 1369 2979 ,Volumusfiliotuoloanni
1380 2882 1536 2962 Corvini

415 3015 666 3112 juramentum
684 3008 811 3086 lacere
831 3031 953 3086 coram
982 3007 1105 3106 Regio
1132 3007 1533 3108 MajcstatisVestre.“

421 3136 531 3232 Quod
548 3135 704 3214 audiens
722 3135 884 3214 surrexit
903 3134 989 3212 Rex
1006 3155 1089 3212 cum
1106 3133 1185 3212 illio
1212 3155 1280 3214 sno
1298 3134 1482 3235 predicto,
1501 3144 1540 3212 et

420 3288 503 3344 cum
522 3262 761 3360 magnetibus
778 3261 1011 3339 intrauerunt
1027 3262 1077 3339 ad
1093 3259 1539 3340 sacellumAssumcionis

421 3391 554 3485 llario,
584 3387 681 3487 quod
708 3385 1006 3466 crennonicuerat
1030 3387 1207 3486 antiquus
1224 3366 1309 3468 Rex
1326 3386 1538 3466 Ladonicns

421 3517 470 3597 cd
487 3517 665 3596 honorem
693 3511 950 3592 Assnmcionie
977 3513 1110 3592 Marie.
1139 3513 1260 3614 Super
1278 3516 1442 3592 tumbam
1460 3511 1537 3590 uiui

421 3645 581 3726 Joannis
610 3639 868 3718 Elimcsinarii
892 3639 982 3716 lecit
998 3645 1149 3740 portare
1168 3639 1426 3737 eucaristiam,
1455 3661 1537 3716 crn-

421 3796 502 3850 ccm
520 3789 683 3862 aureum,
695 3767 859 3863 missale,
879 3767 1148 3864 ewangelium
1177 3774 1216 3846 et
1232 3767 1351 3868 primo
1370 3765 1539 3844 Thomas

423 3894 693 3997 Strigoniensis
720 3895 852 3970 ambas
878 3915 1010 3970 manus
1036 3893 1161 3990 posuit
1187 3892 1235 3970 ad
1253 3899 1537 3987 sacramentnm,

386 4007 459 4110 *et
485 4023 624 4125 incepit
653 4020 772 4120 primo
796 4023 1044 4118 juramentum
1080 4021 1205 4100 iacere
1240 4021 1309 4098 tali
1345 4019 1453 4098 modo
1490 4019 1539 4095 ad

421 4156 574 4236 verbum
593 4147 854 4246 Huugaricule
872 4146 999 4224 dicens
1026 4147 1101 4225 sio:
1135 4151 1255 4248 „laten
1284 4151 1428 4244 capbcrn
1446 4149 1540 4244 lupi

421 4287 606 4382 repletas,
637 4253 909 4372 bodoplcascc,
929 4301 971 4352 cc
990 4279 1201 4353 istcccenct
1218 4279 1313 4350 mind
1329 4277 1473 4368 sectili,
1497 4299 1539 4348 cs

421 4415 532 4488 cltcri
550 4404 784 4498 scctlmcpb,
805 4427 846 4478 es
865 4411 946 4478 scot
974 4405 1138 4497 lccesst,
1158 4427 1178 4478 c
1196 4409 1278 4477 aest
1299 4403 1536 4496 evangellum,

423 4603 734 4622 Μ

458 4705 480 4774 'p
494 4699 559 4760 atta
573 4701 629 4760 lta
642 4701 732 4760 bonai
741 4703 827 4775 cuju
848 4699 974 4774 ,Bndc‘
