3248 5210
407 682 509 758 ulnis
528 679 606 757 suis
634 679 682 754 ad
709 677 936 754 monetarios
963 676 1003 752 in
1030 675 1174 754 duobus
1202 679 1324 756 annis.
1351 679 1523 773 Quilibet

408 814 577 884 monetas
595 828 679 881 cum
698 804 901 883 Germanis
924 803 1123 880 uoluerunt
1140 805 1186 880 de
1204 807 1369 907 propriis
1386 833 1523 907 argeu-

406 937 490 1011 teis.
520 933 572 1008 Et
589 932 634 1007 de
653 955 748 1030 pura
775 933 878 1007 linea
906 929 1125 1028 proicebant
1151 955 1265 1008 vnum
1282 935 1443 1032 pisetam
1462 963 1523 1014 ar·

405 1060 510 1158 genti
527 1060 625 1135 inter
644 1079 799 1156 cuprum
828 1057 983 1134 rubeum
1010 1057 1161 1155 marcij,
1191 1065 1229 1132 et
1256 1058 1397 1138 dabant
1415 1073 1524 1141 extra

407 1189 571 1282 colonis,
599 1186 663 1282 qui
681 1205 870 1282 pauperes
887 1206 962 1258 non
981 1183 1256 1279 intelligebant.
1277 1186 1369 1262 Post
1387 1210 1524 1289 uespe-

406 1339 470 1392 ras
489 1313 537 1389 ad
555 1335 679 1388 arcem
698 1311 856 1409 quilibet
878 1311 918 1386 in
934 1311 1033 1386 uluis
1051 1309 1217 1387 vhebant
1233 1334 1367 1409 purum
1384 1337 1523 1412 argen-

403 1450 482 1518 tum
501 1441 549 1518 ad
567 1439 766 1536 Reginum
786 1444 1093 1534 ettotargentum
1111 1461 1245 1536 purum
1264 1443 1525 1520 cumulauerat

404 1569 565 1666 Regina,
581 1567 679 1666 quod
690 1564 837 1664 quando
855 1565 983 1662 fugam
1003 1565 1116 1643 dabat
1134 1567 1173 1642 in
1191 1574 1311 1666 nocte,
1331 1570 1430 1667 quod
1445 1593 1523 1646 non

404 1699 544 1796 puebat
561 1717 689 1771 omnes
708 1715 834 1770 secum
852 1693 964 1790 ferre,
984 1693 1051 1770 sed
1068 1694 1230 1792 paganis
1240 1696 1360 1771 eciam
1373 1720 1524 1774 reman-

404 1829 507 1900 serat
534 1822 690 1896 multum
717 1821 939 1916 thesaurum
958 1821 997 1895 iu
1025 1843 1113 1897 aroc
1140 1819 1258 1906 Bulla.
1286 1823 1373 1899 Non
1393 1824 1526 1899 decem

406 1973 533 2027 massa
560 1950 717 2044 abebat,
748 1947 815 2024 sed
842 1945 1115 2045 quinquaginta
1142 1970 1257 2047 supra
1285 1951 1433 2026 abebat.
1472 1951 1526 2024 Et

403 2077 472 2152 illa
489 2075 651 2175 pecunia
669 2074 724 2150 uil
742 2073 885 2149 valoris
904 2075 1159 2170 reputabatur,
1181 2081 1217 2150 et
1235 2074 1384 2151 durauit
1401 2099 1524 2173 usque

404 2209 588 2300 quattuor.
623 2199 813 2276 Posthac
841 2199 987 2275 sancies
1015 2206 1242 2276 mercatores
1272 2197 1455 2278 Germani
1486 2209 1526 2276 et

404 2327 590 2423 Hungari‚
611 2325 659 2400 ad
678 2323 931 2401 redimendum
948 2347 1017 2422 pro
1036 2347 1110 2400 vno
1129 2323 1271 2402 floreno
1289 2326 1330 2401 in
1348 2330 1524 2426 pecuniis

402 2455 512 2532 bonis
531 2451 696 2548 antiquis
721 2450 766 2526 de
795 2451 955 2548 pecunia
981 2451 1164 2546 reginalis
1192 2458 1340 2528 centum
1358 2460 1395 2528 et
1412 2455 1525 2550 quin-

404 2582 586 2679 quaginta
605 2578 745 2654 dabant
762 2599 831 2675 pro
850 2578 963 2654 rebus
982 2575 1197 2654 Germanis.
1217 2577 1278 2653 Ita
1296 2577 1445 2676 Regina
1466 2581 1524 2655 fe·

403 2715 506 2784 cerat
532 2706 744 2783 latrunculo
767 2727 942 2801 magnum
962 2703 1161 2803 dampnum
1180 2703 1463 2804 Humerorum,
1485 2715 1526 2782 et

402 2843 479 2911 tam
498 2857 672 2932 magnum
689 2831 848 2931 spoliem
868 2833 1029 2928 fecerat,
1059 2831 1157 2927 quod
1182 2831 1215 2908 si
1235 2831 1383 2910 Tureus
1401 2855 1442 2908 se
1462 2835 1524 2909 in·

400 2968 458 3038 ter
475 2963 515 3037 in
534 2959 739 3058 urgendum
757 2959 967 3057 posuisset,
992 2963 1113 3034 totum
1132 2958 1303 3055 Regnum
1323 2958 1525 3056 Huugarie

402 3112 476 3165 non
494 3089 627 3200 fuisset
647 3087 858 3187 dampnum.

617 3411 626 3424 ’
677 3463 1007 3569 (onrruuuuu
1035 3403 1237 3571 xerv).

508 3719 671 3797 Posthac
688 3721 792 3796 venit
810 3717 929 3798 Cesar
947 3719 1155 3796 Turoarum
1173 3743 1256 3797 cum
1274 3743 1343 3798 sex
1358 3726 1522 3796 centena

403 3848 507 3926 milia
536 3847 744 3924 'lurcorum
762 3849 802 3922 in
820 3845 1053 3945 Hungariam
1081 3847 1167 3924 dum
1185 3849 1399 3926 scribebant
1416 3869 1521 3922 auno

258 4017 264 4027 ·
405 3971 519 4052 1526.
539 3972 715 4050 Attamen
734 3974 856 4051 adbuc
874 3973 1330 4052 eratiusulaSirimiensis
1348 3974 1520 4068 integra3

403 4103 451 4178 ad
477 4099 550 4176 hoc
575 4100 615 4179 iu
643 4101 796 4177 ciuitate
832 4100 1090 4178 Zalonkemen
1127 4101 1345 4180 residebant
1381 4097 1519 4196 adhue,

404 4227 541 4306 caron
560 4228 693 4306 ciuitas
711 4237 792 4305 erat
810 4231 941 4329 plena,
970 4237 1008 4304 et
1026 4231 1082 4308 sic
1100 4229 1146 4306 de
1164 4229 1323 4327 singulis
1352 4227 1519 4303 ciuitati·

402 4355 493 4452 bus,
521 4353 627 4430 iuxta
651 4349 716 4431 flui
744 4354 909 4432 Danubii
937 4379 984 4432 ex
1012 4363 1169 4453 veraque
1196 4364 1304 4454 porte
1330 4353 1521 4455 populosa

402 4488 485 4559 erat
502 4479 548 4557 ‹le
567 4479 825 4558 Zalonlremen
842 4503 959 4580 usque
979 4482 1028 4558 ad
1047 4481 1201 4560 Budam.
1221 4481 1296 4560 Sed
1314 4483 1369 4558 nil
1387 4502 1519 4556 curam

402 4607 624 4685 adhibemnt
641 4615 835 4705 magnates
853 4609 1027 4706 Hungari
1037 4610 1288 4688 etemiseraut
1305 4611 1344 4686 in
1363 4607 1518 4686 dubium

401 4738 477 4807 tam
504 4731 775 4812 nobilissimum
802 4733 998 4834 Huugarie
1025 4733 1208 4832 Regnum.
1247 4731 1516 4830 vidicionis,
