3226 5220
358 433 439 514 214

365 637 483 714 simus
511 641 671 734 quatuor
698 634 849 732 diebus,
870 643 907 712 et
927 636 1074 714 Radich
1101 645 1274 738 exparte
1298 639 1492 719 Caesonia

362 787 445 840 cum
470 764 613 862 optima
639 770 751 860 gente
776 763 1059 841 Tracianorum.
1083 766 1223 864 Equcli
1241 773 1383 844 stature
1401 776 1492 846 tan·

365 913 476 988 quam
494 892 663 968 falcones
682 897 801 986 erant,
822 913 905 967 cum
924 895 1228 992 approperabant
1238 891 1434 972 Germani.

659 1176 994 1281 (cnuruunun
1022 1179 1185 1284 uxum).

473 1396 562 1474 Jam
581 1396 629 1471 ad
648 1419 760 1472 vnam
783 1397 946 1474 miliaria
975 1405 1105 1474 contra
1123 1423 1192 1478 uos
1211 1400 1413 1478 distabant.
1446 1401 1496 1478 In

369 1523 498 1622 quinta
524 1523 621 1598 feria
650 1531 736 1598 ante
765 1523 988 1602 dominicam
1010 1529 1138 1602 Latara
1157 1533 1245 1624 post
1262 1549 1394 1602 cenam
1415 1529 1496 1604 ele-

370 1652 426 1749 git
462 1650 693 1727 Ludouicum
730 1651 914 1728 Thomori
950 1653 990 1728 iu
1025 1653 1220 1748 legacione
1257 1653 1305 1728 ad
1340 1654 1498 1732 Radich

372 1779 621 1874 Tracianum,
642 1785 683 1853 vt
702 1779 842 1855 diceret
869 1803 916 1854 ex
940 1779 1116 1857 mandato
1145 1780 1263 1877 Regi,
1284 1789 1324 1856 vt
1342 1789 1500 1882 aptaret

375 1929 416 1984 se
436 1905 483 1983 ad
500 1905 741 2005 pugnandum
769 1913 807 1981 et
825 1906 873 1982 ad
891 1911 1002 1983 duret
1024 1915 1154 1985 contra
1181 1909 1207 1986 J
1210 1932 1367 1985 oannem
1395 1908 1498 1986 Occ-

371 2033 477 2128 cian,
506 2039 545 2108 et
573 2039 611 2106 vt
638 2039 747 2109 nocte
782 2033 864 2108 iret.
903 2033 1013 2108 Dixit
1038 2033 1251 2112 Lcdouicus
1287 2035 1497 2114 Thcmori:

350 2161 525 2256 1„Vere,
556 2159 704 2236 domine
741 2159 845 2256 Rex,
875 2161 1001 2237 nescio
1038 2161 1266 2238 'Precianam
1303 2163 1498 2260 linguam3

374 2283 562 2384 Georgius
589 2287 693 2386 paph
719 2288 816 2364 bene
844 2287 917 2362 scit
945 2311 1028 2363 cum
1057 2289 1113 2364 eis
1140 2289 1244 2384 loqui
1269 2313 1313 2364 ac
1331 2293 1498 2390 parabo-

375 2415 493 2493 lare.“
525 2415 577 2491 Et
595 2415 688 2490 dixit
707 2414 798 2490 mihi
816 2415 899 2492 Rex
920 2444 928 2490 :
953 2416 1056 2514 „Eas
1075 2438 1157 2493 cum
1177 2417 1257 2492 eo.“
1290 2417 1342 2492 Et
1358 2419 1500 2496 iterum

380 2565 492 2618 vnum
521 2564 654 2639 equum
683 2543 884 2618 asellctnm
913 2543 1119 2638 duxerunt,
1149 2549 1187 2618 et
1214 2544 1429 2642 supersedi,
1463 2553 1501 2620 et

375 2671 642 2766 aquitanicum
662 2693 718 2745 eo.
748 2672 800 2746 Et
818 2672 1075 2748 nesciebamus
1104 2672 1253 2768 signum
1282 2695 1430 2768 eorum,
1463 2679 1502 2749 et

376 2821 534 2894 cumque
553 2798 601 2872 ad
620 2804 803 2874 castorem
832 2797 978 2872 Radich
1005 2798 1392 2896 appropinquaremus
1415 2801 1501 2896 jam

377 2932 485 3004 nocte
505 2931 597 3001 erat.
628 2925 680 2999 Et
698 2937 826 3000 struae
844 2947 972 2999 eorum
1001 2925 1162 3000 cucurrit
1188 2926 1368 3002 velociter
1387 2932 1425 3002 et
1445 2926 1501 3002 di-

376 3053 433 3130 xit
450 3049 507 3151 ffid
533 3057 663 3126 contra
690 3072 759 3125 nos
787 3049 918 3144 lingua
937 3047 1105 3124 Tracia:
1131 3055 1206 3146 „ito
1225 3079 1271 3148 pe
1291 3053 1432 3145 ttwoi‚“
1459 3053 1499 3128 id

378 3185 435 3256 est
455 3203 463 3252 τ
488 3176 606 3274 „Quis
625 3199 666 3253 es
684 3177 759 3251 tn.“
783 3176 868 3272 Ego
888 3175 985 3250 dixi:
1001 3181 1076 3271 „Mi
1094 3176 1214 3271 xmw‚“
1238 3176 1276 3250 id
1295 3183 1371 3252 est:
1387 3179 1501 3274 „Nos

380 3329 508 3384 sumus
526 3330 549 3380 a
568 3305 673 3401 Rege
693 3304 893 3404 Majestate
912 3304 1017 3380 missi
1036 3303 1085 3380 ad
1104 3303 1291 3380 dominum
1311 3305 1495 3382 Radich.“

381 3435 532 3512 Extunc
560 3440 642 3510 erat
667 3433 751 3508 vice
777 3433 870 3508 belli
899 3432 1028 3509 ductor
1056 3431 1288 3528 Tracinnus,
1319 3440 1356 3508 et
1383 3434 1499 3510 dixit:

384 3561 509 3658 „Vere
528 3559 560 3636 si
580 3560 652 3636 hoc
678 3559 840 3636 voluerit
866 3557 1012 3634 Radich
1040 3559 1138 3634 sicut
1164 3559 1365 3656 optimates
1392 3559 1500 3636 Hun-

379 3688 473 3786 guri,
494 3707 584 3763 vere
602 3685 685 3762 Rex
703 3692 827 3785 potest
844 3687 1025 3762 reiterare
1045 3685 1084 3760 in
1103 3687 1228 3762 natica
1244 3688 1374 3764 matris
1393 3687 1498 3764 sue.“

366 3815 433 3891 ¹Et
451 3839 520 3892 uos
538 3814 675 3890 ivimus
695 3813 743 3888 ad
761 3811 906 3887 Radich
934 3833 1016 3888 cum
1045 3811 1163 3908 signis
1182 3813 1282 3908 suis,
1302 3820 1340 3888 et
1358 3815 1502 3912 protnl-

381 3944 492 4020 limus
510 3942 743 4039 legacionem
762 3947 929 4017 nostram
949 3939 995 4015 de
1013 3940 1170 4016 licencia
1189 3939 1311 4036 Regio
1322 3939 1501 4038 Majesta·

381 4071 443 4147 tis.
473 4069 524 4145 Et
550 4069 718 4168 precepit
753 4089 839 4144 mox
868 4065 1015 4142 Radich
1053 4068 1216 4146 cateruis
1253 4069 1331 4144 suis
1360 4068 1501 4144 dicen:

366 4197 551 4294 '‚,Zedtnj‚
572 4195 727 4292 aerttcj.“
750 4197 799 4270 Et
808 4217 877 4270 nos
897 4215 982 4270 mox
1001 4201 1101 4272 retro
1120 4217 1253 4273 versus
1270 4195 1408 4272 fuimus
1423 4197 1501 4294 jam

383 4323 422 4400 iu
450 4324 525 4398 via.
554 4320 767 4399 Lodcnious
797 4321 1092 4417 interrogabat:
1126 4321 1251 4418 „Quid
1277 4303 1513 4418 reurgnebat'

382 4457 506 4526 tecum
534 4450 606 4527 iste
634 4435 845 4544 Tuccianns
873 4448 1021 4524 veida.“
1063 4449 1172 4544 „Ego
1199 4469 1352 4548 possum
1380 4447 1502 4526 dicere

385 4574 633 4666 dominacioni
670 4584 813 4672 vestre,
844 4581 1008 4652 naaman
1042 4597 1116 4651 non
1151 4577 1289 4651 bonum
1316 4575 1498 4652 dicebat.“

390 4702 521 4798 „Dixit
539 4701 677 4800 quid?“
714 4703 820 4800 „Hoc
847 4701 1014 4797 dicebat,
1043 4701 1193 4799 quodsi
1213 4700 1359 4778 Radich
1379 4701 1503 4778 Bositt
