3226 5220
444 457 522 534 206

444 658 606 736 infidelis
625 659 749 736 sedin
768 661 840 736 hoc
860 661 1036 737 morior“.
1057 661 1108 736 Et
1126 661 1182 738 sic
1200 663 1427 759 posteribus
1448 687 1567 738 annno·

444 811 525 862 rum
546 787 714 862 exclauit
733 787 778 861 de
798 789 933 863 mundo
953 789 1074 864 risnta
1093 788 1172 863 vita
1191 811 1270 865 sua.

551 912 644 987 Inde
663 911 747 988 Rex
766 914 934 990 Joannes
954 915 1097 990 audiuit
1115 915 1154 989 in
1183 915 1432 1008 Debreohen‚
1469 915 1567 1012 quod

449 1038 532 1113 Rex
552 1039 813 1117 Ferdinnndus
833 1042 987 1116 exilium
1006 1043 1158 1117 fecisset
1185 1042 1230 1117 de
1258 1041 1475 1138 Hnngaria.
1503 1043 1569 1115 Di-

445 1167 553 1240 cebat
581 1165 684 1241 Rex:
717 1169 842 1265 „Vere
877 1171 1013 1244 bonnm
1051 1169 1247 1245 consilinm
1276 1169 1432 1266 habuit,
1469 1167 1567 1265 quod

444 1291 849 1389 exiuitdeHungaria3
869 1293 957 1391 qnia
967 1319 1041 1370 non
1059 1297 1296 1393 pervenisset
1305 1295 1404 1371 diem
1417 1297 1565 1370 Petri“.

444 1417 605 1493 Dicebat
623 1419 745 1494 adhuc
764 1419 849 1495 Rex
870 1449 878 1494 :
903 1421 1109 1518 „Majorem
1129 1429 1167 1495 et
1186 1422 1378 1498 meliorem
1407 1423 1563 1497 eonsili-

442 1565 503 1616 um
531 1521 663 1621 hobnit
688 1544 772 1620 Rex
799 1545 1079 1642 Fordinandus,
1110 1570 1221 1644 quom
1251 1549 1410 1626 consilio
1442 1549 1560 1623 intro-

443 1677 550 1744 nernt
569 1669 616 1744 oti
635 1669 908 1766 Hungarinm.“

773 1959 1105 2065 (onrrnononr
1133 1963 1235 2068 nx.)

554 2179 638 2274 Ego
659 2178 806 2275 quidem
825 2181 871 2254 de
891 2179 1010 2256 Zanto
1029 2203 1206 2257 veneram
1236 2182 1283 2257 ati
1311 2181 1492 2280 'rhoxap
1517 2181 1558 2254 de

444 2303 590 2379 'Phoeni
610 2306 697 2379 veni
716 2305 763 2380 od
783 2305 1018 2382 Debrechen.
1047 2305 1136 2382 Jom
1164 2315 1246 2383 erat
1273 2333 1371 2384 anno
1400 2307 1553 2384 Domini

448 2425 549 2504 1528
569 2437 607 2505 et
625 2431 973 2528 appropinquabam
991 2431 1039 2506 od
1058 2431 1293 2509 Debrechen.
1315 2435 1366 2509 Et
1394 2433 1554 2532 hospici-

443 2580 504 2633 um
523 2558 686 2635 habebat
703 2558 786 2634 Rex
805 2558 831 2635 J
834 2583 974 2635 oannes
993 2559 1093 2657 apud
1111 2583 1217 2636 suom
1241 2563 1422 2638 amasiam
1457 2561 1551 2636 Kar-

445 2685 570 2762 dosne.
603 2683 694 2786 ⁶⁰·Jv·
729 2685 780 2760 Et
807 2709 965 2784 presens
993 2708 1067 2761 non
1096 2695 1177 2762 erat
1204 2689 1244 2763 in
1273 2689 1465 2786 hospicio,
1495 2683 1554 2762 sed

446 2813 545 2910 opud
586 2813 791 2889 monachos
809 2815 848 2888 in
868 2813 1049 2890 dominico
1075 2813 1135 2888 die
1163 2819 1325 2913 it'oppcic
1353 2825 1455 2914 sacre
1481 2821 1555 2888 cnut

447 2949 482 3014 in
496 2947 718 3036 conopnh'ee.
740 2941 791 3014 Et
810 2940 1017 3039 hospicium
1036 2964 1107 3037 ego
1128 2942 1228 3040 opud
1246 2964 1358 3018 vnum
1378 2949 1553 3018 rectorem

445 3066 653 3141 altoristnm
691 3065 939 3160 Michaelem,
970 3091 1017 3141 ex
1054 3073 1140 3164 post
1177 3066 1320 3162 Regem
1358 3067 1475 3143 ierom
1512 3061 1553 3137 ad

446 3192 661 3270 monachos.
685 3193 769 3268 Rex
790 3216 902 3292 quum
920 3195 1077 3270 vidisset
1096 3217 1216 3269 meam
1235 3195 1470 3292 presenciam
1498 3213 1551 3265 eo·

446 3320 649 3394 rnmSnom
668 3318 907 3416 Majestotem
929 3327 1070 3416 osten,
1091 3327 1255 3395 attamen
1265 3321 1349 3396 risit
1360 3319 1444 3396 Rex
1461 3341 1550 3402 mox,

446 3452 483 3519 et
500 3452 579 3520 tota
597 3445 702 3520 curin
720 3467 790 3522 sua
817 3445 1096 3522 admirabantur
1122 3445 1234 3542 mihi,
1254 3445 1350 3520 vnde
1380 3445 1481 3521 exini
1507 3439 1549 3516 ad

447 3570 494 3645 ad
512 3569 748 3647 Debrechen.
779 3571 830 3646 Et
857 3579 943 3670 post
971 3573 1123 3648 missam
1151 3569 1295 3646 finitam
1322 3579 1473 3647 secutus
1501 3565 1548 3642 fni

446 3697 590 3793 Regem
599 3698 644 3773 de
664 3700 824 3775 ecclesio
844 3722 961 3796 vsqne
981 3699 1029 3774 od
1047 3698 1257 3799 hospicium
1276 3721 1394 3774 suum.
1414 3697 1547 3773 EtRex

449 3825 546 3900 sedit
564 3827 604 3902 in
622 3827 710 3904 sede
730 3851 809 3925 suo,
831 3835 868 3903 et
886 3849 945 3902 me
965 3835 1050 3903 ante
1070 3827 1192 3926 ipsum
1212 3834 1312 3903 stare
1330 3827 1505 3926 precepit,
1517 3827 1552 3894 et

453 3953 567 4028 dixit:
585 3951 771 4050 „Gracios
789 3955 912 4030 resero
931 3952 1012 4050 tibi,
1032 3959 1140 4051 poter
1151 3951 1307 4048 Georgi,
1328 3953 1428 4050 qnod
1446 3947 1550 4029 scrib·

448 4105 553 4157 seras
581 4081 671 4154 mihi
699 4080 744 4156 de
773 4079 979 4176 Cassonin3
1009 4088 1046 4155 et
1074 4082 1188 4156 allate
1217 4087 1323 4155 erant
1351 4080 1399 4155 od
1427 4095 1547 4155 monus

449 4231 573 4304 meas,
602 4209 720 4282 etita
753 4207 892 4304 fuitne,
922 4207 1103 4306 quomodo
1133 4207 1354 4285 Oassooien.
1384 4201 1543 4282 acturi?“

440 4333 615 4431 ⁴„Itsiuit
633 4336 921 4412 clementissime
940 4334 1060 4410 Rex.“
1084 4333 1148 4410 Ait
1166 4333 1270 4410 Rex:
1286 4334 1410 4432 „Ecce
1430 4353 1547 4411 oscen-

450 4463 732 4552 damusstotim
761 4469 890 4538 contro
918 4485 1003 4557 cos,
1036 4468 1074 4537 et
1109 4483 1325 4566 expugnprc
1363 4461 1545 4535 veleamus

450 4595 603 4687 propter
621 4589 879 4665 infidelitatem
897 4589 1061 4664 eornm.“
1084 4587 1169 4684 Ego
1188 4585 1265 4662 dixi
1278 4613 1287 4660 :
1302 4585 1429 4684 „Bene
1448 4585 1545 4662 esset,

450 4715 483 4789 si
503 4723 628 4790 essent
646 4715 776 4793 fideles
804 4716 942 4792 domini
971 4714 1274 4811 Hungarornm.“
1307 4712 1418 4788 Dixit
1447 4711 1544 4787 Rex:
