3248 5210
403 437 477 516 104

401 635 664 716 ordinauerunt
683 638 846 732 legatum
866 637 1038 734 Hungari
1057 637 1105 711 ad
1124 627 1453 714 Sanctissimum'ss·
1465 650 1508 736 ῤ’·

401 785 483 840 oum
503 763 609 838 donis
628 771 665 838 et
684 785 766 837 eum
793 763 1135 862 supplicacionibus
1165 764 1204 836 in
1232 759 1520 862 epistolissuis,

401 891 498 990 quod
512 895 590 988 jam
610 913 685 965 non
703 890 885 965 haberent
912 913 1111 989 personam
1139 890 1254 964 talem
1274 890 1321 964 ad
1341 895 1520 988 pastora-

400 1024 476 1092 tum
495 1012 689 1114 spirituale
709 1023 746 1090 et
764 1017 811 1092 ad
830 1017 1113 1114 corporalitam,
1134 1018 1230 1093 sicut
1248 1017 1391 1094 Paulus
1409 1015 1521 1092 Tho-

402 1147 506 1242 morj.
536 1144 587 1218 Et
605 1142 871 1221 Sanctissimae
898 1145 1098 1242 perlegens
1117 1151 1154 1218 et
1172 1145 1389 1240 intelligens
1407 1143 1525 1252 libita

403 1270 666 1367 Hungarorum
685 1271 723 1344 iu
743 1272 905 1348 scedulis
934 1271 1030 1364 suis,
1061 1277 1098 1344 et
1125 1271 1295 1368 permisit
1323 1271 1380 1346 eis
1408 1275 1523 1345 extra

400 1398 469 1490 ire,
490 1396 630 1492 quodsi
642 1405 771 1473 carent
789 1398 833 1472 dc
853 1400 1000 1496 prelato
1019 1397 1226 1492 humiliato,
1247 1405 1285 1472 et
1303 1398 1523 1496 exemplum

404 1525 569 1623 prebeto.

510 1651 593 1747 Ego
623 1652 769 1748 quidem
798 1653 1034 1729 intendebam
1067 1651 1115 1726 ad
1142 1649 1370 1748 strigoniam
1397 1653 1525 1728 iturus

405 1777 496 1852 lore.
518 1776 638 1870 Quum
659 1787 814 1877 paratus
830 1782 909 1876 jam
928 1778 1145 1854 incedebam
1154 1777 1200 1853 de
1210 1777 1328 1872 Bada,
1348 1778 1525 1855 Joannes

408 1932 473 1978 ren
495 1904 729 1999 Boruemins,
750 1907 849 2004 quod
867 1907 1086 2004 pergebam,
1107 1911 1242 1980 extunc
1261 1907 1344 2003 ipse
1363 1905 1524 1982 sedebat

404 2019 501 2105 inter
519 2031 669 2106 ianuam
689 2032 806 2126 arcis,
832 2032 1100 2128 interrogauit,
1130 2055 1201 2128 quo
1221 2033 1308 2108 volo
1328 2033 1525 2131 profectus

405 2155 470 2228 ire.
491 2155 582 2252 Ego*
597 2157 671 2232 dixi
695 2159 840 2256 ,Verso
860 2157 1126 2253 Strigouiam.“
1150 2159 1201 2232 Et
1220 2159 1292 2233 ait:
1317 2157 1456 2255 ,Rogo
1471 2166 1524 2241 ne,

405 2287 534 2378 pater,
563 2285 687 2358 tamen
706 2291 744 2360 et
762 2289 798 2357 te
817 2285 911 2360 bene
940 2283 1060 2358 noscit
1083 2289 1121 2358 et
1139 2283 1176 2356 in
1194 2284 1431 2381 beneplacito
1450 2307 1524 2361 suo

405 2408 547 2483 tebene
566 2408 689 2502 habet,
710 2409 821 2484 istum
839 2409 1019 2504 libellum,
1040 2431 1110 2506 quc
1129 2409 1235 2484 vides
1243 2409 1282 2483 in
1292 2431 1404 2484 manu
1423 2433 1524 2500 mea,

408 2532 473 2608 des
492 2533 583 2628 sibi,
610 2535 697 2610 volo
717 2535 844 2610 eredat
863 2535 1072 2610 dominacio
1095 2536 1258 2610 vestra.“
1291 2536 1343 2620 Et
1359 2539 1525 2614 assumsi

408 2668 445 2735 et
463 2663 648 2760 precellas
668 2662 808 2738 Buden.
831 2662 1043 2761 comperaui
1063 2661 1148 2738 sibi.

459 2793 465 2800 '
515 2788 682 2886 Cumque
715 2791 913 2866 intrassem
941 2789 1128 2886 Strigonie
1155 2791 1338 2884 claustro,
1359 2791 1422 2867 vbi
1440 2792 1527 2890 ipse

408 2915 607 3008 residebat,
627 2918 953 3013 interrogauerunt
971 2918 1119 3008 fratres,
1140 2915 1187 2990 ad
1196 2939 1305 3014 quem
1322 2918 1525 2994 venissem.

409 3041 527 3115 Dixi:
553 3043 674 3136 „Veni
694 3044 741 3117 ad
760 3044 940 3122 Thomori
970 3043 1165 3118 Paulum.“
1196 3045 1247 3117 ut
1269 3045 1386 3120 frater
1404 3044 1527 3121 Joan-

410 3191 477 3242 nes
505 3167 775 3264 chhedieusis
801 3169 901 3247 filius
929 3169 1097 3246 Oswaldi
1123 3169 1315 3244 Bemald:
1340 3169 1527 3265 „Domine

410 3293 460 3368 mi
480 3291 634 3390 Georgi,
655 3319 762 3372 curre
781 3297 829 3371 ad
847 3303 978 3388 ortum,
1000 3303 1037 3370 et
1055 3295 1105 3371 ibi
1125 3295 1294 3370 iuvenies
1310 3318 1393 3370 enm
1413 3319 1526 3372 oran-

409 3427 503 3516 tem,
530 3423 760 3498 solummodo
786 3424 890 3498 Deus
910 3425 1049 3497 alenset
1076 3423 1197 3520 ipsum
1216 3445 1239 3495 a
1258 3421 1385 3514 nobis,
1407 3443 1526 3518 quare

412 3549 520 3638 nobis
547 3573 621 3624 non
648 3551 805 3648 placet.“
838 3551 922 3646 Ego
950 3551 1026 3624 dixi
1047 3577 1055 3623 ε
1080 3547 1245 3645 „Ored0,
1266 3547 1364 3645 qnod
1381 3547 1528 3624 Paulus

410 3673 484 3748 iam
503 3674 660 3749 intendit
678 3675 723 3750 de
744 3677 927 3768 claustro,
958 3675 1046 3771 quia
1064 3675 1146 3771 ipse
1166 3673 1375 3770 nequiciam
1394 3697 1526 3750 eorum

406 3805 484 3899 jam
503 3811 684 3896 senserat,
706 3805 794 3900 quia
813 3803 895 3900 ipsc
915 3803 1024 3878 valde
1045 3801 1238 3877 continens
1257 3807 1339 3876 erat
1357 3825 1380 3875 a
1399 3803 1525 3900 pneri-

413 3931 471 4004 cia
489 3931 593 4005 sua.“
608 3929 774 4028 Cumque
793 3931 1020 4007 intraueram
1040 3935 1087 4005 acl
1107 3936 1227 4006 ortum
1247 3928 1525 4026 monachorum,

412 4065 547 4132 extuue
565 4079 647 4132 oum
666 4059 743 4152 ligo
763 4059 899 4132 cultum
918 4058 1009 4131 facit
1028 4056 1075 4130 orl
1095 4055 1353 4131 seminandum
1368 4057 1527 4151 legumi-

352 4210 356 4220 ·
413 4205 554 4286 narum.
575 4185 696 4277 Quum
715 4185 903 4260 intniisset
920 4208 988 4278 me,
1009 4183 1096 4258 ilico
1116 4181 1342 4257 demonibus
1361 4182 1526 4278 ligonem

413 4313 570 4413 proiecit
588 4318 625 4385 et
643 4310 691 4386 ad
718 4335 776 4386 me
802 4309 970 4386 diuersit.
998 4309 1084 4403 Ego
1112 4327 1193 4382 oum
1222 4305 1364 4384 honore
1392 4309 1526 4384 obtulli

414 4441 485 4516 sibi
504 4440 693 4541 precvllas
712 4439 757 4512 de
782 4461 839 4512 me
870 4435 1010 4512 Buden.
1030 4441 1068 4510 et
1085 4435 1255 4511 libellum
1280 4433 1324 4510 de
1345 4440 1411 4512 aen
1431 4435 1526 4513 Bor·

413 4569 570 4660 nemina,
591 4573 628 4642 et
646 4573 753 4663 grato
772 4565 894 4640 animo
914 4563 1068 4662 aceepit,
1080 4567 1118 4636 et
1127 4583 1185 4636 me
1195 4583 1352 4657 arguere
1371 4561 1525 4660 incepit,

414 4692 511 4790 qu'od
537 4693 575 4767 in
592 4689 762 4767 ‘seculari
790 4695 896 4766 veste
923 4687 1076 4780 incedo,
1115 4692 1153 4762 et
1179 4708 1238 4762 me
1265 4686 1457 4764 suadebat
1485 4688 1525 4764 in
