3238 5228
1103 543 1180 624 275

176 741 220 817 In
239 741 428 818 Felhewiz
457 743 603 820 solebat
622 743 719 820 omni
748 766 845 820 anno
871 745 975 820 forus
994 743 1178 840 nundinis,

56 877 98 941 et
119 867 340 945 Pestienses
360 867 407 942 ad
427 865 670 945 Germaniam
698 869 841 965 egressi
865 869 1014 946 fuerant
1031 879 1181 968 propter

59 993 346 1070 mercimoniam
364 993 412 1070 ad
430 994 592 1072 futuram
611 995 831 1089 nundinum3
851 1003 889 1070 et
898 995 938 1070 in
953 1017 1051 1092 aqua
1070 1017 1180 1101 super

60 1116 167 1196 Ister
185 1118 251 1196 flui
269 1129 452 1197 venerant
480 1143 598 1219 usque
627 1120 867 1218 strigoniam.
896 1121 983 1198 Vna
1000 1143 1087 1219 pars
1105 1128 1179 1198 tre-

60 1245 161 1320 muit
177 1247 307 1323 venire
325 1269 441 1347 anper
460 1271 588 1346 aquus,
610 1248 708 1345 quod
726 1247 915 1324 audissent
934 1246 1078 1323 Tureos
1096 1268 1180 1324 esse

61 1373 102 1444 in
124 1371 253 1450 insula
280 1373 376 1449 Zent
403 1374 591 1472 Margith3
621 1375 740 1451 altera
767 1399 857 1473 pars
885 1374 1117 1451 confidebant
1141 1373 1179 1447 iu

60 1499 143 1592 eis,
169 1501 270 1598 quod
296 1525 371 1577 non
398 1501 619 1601 impedirent
637 1524 714 1578 eos.
745 1501 871 1577 Prima
888 1523 976 1599 pars
994 1500 1096 1576 venit
1113 1521 1180 1598 per

60 1627 168 1700 viam
188 1649 300 1724 super
319 1627 522 1726 quadriga,
551 1629 625 1727 ipsi
643 1626 797 1727 paoifloe
825 1633 1018 1704 venerant.
1048 1625 1180 1704 Altera

61 1773 158 1847 pars
177 1751 314 1848 eoiam,
335 1753 397 1851 qui
416 1776 529 1853 super
557 1775 687 1850 aquam
708 1753 927 1848 veniebant,
957 1774 1068 1850 quum
1095 1775 1178 1829 sen-

62 1877 209 1954 sissent
235 1878 372 1976 Turoi,
401 1881 500 1978 quod
529 1903 641 1979 super
669 1901 804 1976 aquam
823 1879 1001 1954 veherent
1018 1902 1080 1956 res
1096 1901 1179 1976 pre·

63 2004 194 2080 closae
221 2004 270 2079 ad
297 2005 492 2102 nundinas,
513 2027 627 2104 supra
646 2003 741 2080 Zent
758 2002 883 2080 Eudre
902 2003 1081 2080 Traoiani
1098 2026 1180 2082 oum

63 2127 341 2206 insidiabantur
359 2133 428 2208 sub
448 2132 606 2208 latibulo
624 2132 677 2208 ibi
697 2155 774 2208 eos.
805 2129 899 2207 Cum
928 2131 1069 2208 aoeersi
1087 2131 1178 2210 fuis·

65 2265 149 2332 sent
167 2257 217 2334 ad
235 2259 355 2336 loeum
375 2261 415 2336 in
434 2259 692 2356 solitudinem,
721 2283 808 2336 mox
826 2282 909 2335 oum
928 2260 983 2336 eis
1001 2259 1181 2337 Tranioni

66 2391 104 2456 et
123 2382 306 2462 Germani
334 2409 509 2484 magnum
534 2387 744 2463 ooufliotum
763 2386 971 2464 habuerunt
992 2387 1071 2484 jam
1088 2393 1181 2485 'post

66 2511 259 2588 meridiem
287 2515 328 2589 in
356 2522 488 2612 quarta
515 2514 608 2592 bora
640 2515 711 2590 fuit
738 2514 940 2590 intereaeio
968 2534 1115 2608 eorum,
1144 2519 1181 2588 et

65 2658 198 2715 omnes
218 2661 344 2716 oasum
362 2641 541 2718 dederunt
569 2640 770 2730 moriendi,
792 2648 829 2715 et
848 2640 919 2716 duo
939 2639 1077 2716 ancille
1097 2639 1179 2738 pul·

64 2786 130 2838 cre
157 2763 316 2842 luissent
352 2789 435 2842 oum
472 2765 635 2843 Pestien.
656 2774 694 2842 et
711 2766 799 2843 illas
818 2765 1094 2842 interemerant.
1127 2763 1177 2840 Et

63 2890 216 2968 carinas
235 2915 324 2969 suas
343 2889 601 2995 (sanguineas)
614 2893 735 2969 media
753 2899 861 2968 noete
881 2891 980 2968 infra
999 2890 1179 2968 mitebant

64 3038 136 3111 per
154 3017 369 3096 Danubium
388 3019 454 3097 dui
474 3021 655 3098 adversus
674 3019 798 3096 Kewi.

178 3145 229 3220 Et
245 3167 357 3220 unam
385 3146 630 3244 sanguineam
658 3169 790 3223 navem
819 3145 1113 3244 aprehederunt,
1143 3153 1180 3220 et

65 3291 136 3366 per
155 3269 224 3348 hoo
241 3272 505 3351 intellexeruut
524 3273 620 3372 quod
648 3272 760 3351 oooisi
787 3280 914 3349 essent
939 3293 1006 3370 per
1022 3267 1179 3373 ·(pa)ga·

67 3419 136 3472 nos
152 3419 358 3498 pauperes,
379 3401 430 3476 Et
447 3402 589 3476 nullum
609 3421 738 3499 eorpus
766 3421 891 3476 eorum
918 3397 1083 3475 invenire
1109 3419 1180 3474 nou

67 3529 251 3618 poterant.
273 3525 324 3600 Et
340 3525 379 3602 in
397 3527 488 3604 Pest
506 3548 615 3624 quum
635 3525 850 3620 sensissent,
870 3524 1180 3623 qnoddiramorte

68 3651 277 3748 perissent3
297 3659 334 3727 et
358 3655 677 3748 lamentabantur,
708 3653 803 3751 quod
831 3653 878 3728 ud
906 3652 1047 3728 Budam
1076 3649 1179 3726 audi-

68 3776 231 3853 ebamus.
252 3775 326 3870 Qui
335 3761 474 3855 flebant
491 3779 606 3855 lilium
624 3803 741 3874 suum,
761 3800 831 3876 que
851 3803 984 3878 sponse
1004 3797 1179 3876 sponsum

69 3924 185 3998 suum,
207 3926 282 4002 qua
300 3905 460 3982 dominio
480 3929 596 3983 suum.
618 3908 669 3982 Et
687 3907 849 3984 Turoum
867 3905 1113 3981 incitauerunt
1131 3899 1179 3976 ad

70 4027 209 4104 Budum
247 4029 461 4108 Pestienses
498 4032 651 4133 Momyn
678 4032 826 4108 vaidam
855 4055 976 4108 eoram
1003 4031 1177 4108 loeumte·
1210 4037 1215 4050 '
1351 4020 1364 4039 ’

69 4163 213 4232 nentem
232 4156 407 4234 videlieet
425 4159 609 4237 Joannem
638 4160 785 4260 Banffy.
816 4159 867 4234 Et
893 4164 1178 4257 comparuerunt

69 4283 113 4360 ad
116 4283 308 4396 justiciam
327 4285 410 4384 ipsi,
431 4294 468 4361 et
485 4285 523 4361 in
542 4286 630 4365 sede
650 4309 835 4384 nunquam
855 4291 1052 4386 potuerunt
1070 4306 1177 4383 apro·

67 4409 175 4508 bare,
194 4420 236 4486 vt
254 4411 317 4510 qui
340 4413 538 4490 introissent
556 4414 626 4490 hoo
644 4413 846 4512 perniciem
874 4411 1094 4490 horrendam
1112 4408 1176 4488 ho·

73 4539 267 4615 mioidium.
290 4539 340 4613 Et
357 4561 426 4638 per
445 4540 554 4636 signa
572 4541 688 4616 multa
708 4541 936 4638 reprobabant
964 4539 1178 4616 Pestieuses

71 4664 104 4740 in
132 4673 298 4760 tantum,
328 4665 490 4762 quadiu
517 4666 684 4744 vestibus
711 4667 952 4742 ambulabant
978 4664 1113 4760 Turei,
1141 4671 1179 4741 et

72 4813 149 4868 oum
169 4791 238 4868 hoo
257 4791 449 4870 vellebant
466 4791 754 4870 Pestienseseos
770 4793 1020 4977 sentenuirprge³
1035 4790 1109 4868 Sed
1120 4791 1176 4890 ip·
1233 4777 1237 4784 ’
