3238 5228
1066 521 1071 532 ,
1174 461 1256 551 325,

132 655 231 752 oepit
257 677 298 730 se
326 655 469 754 ipsum,
497 653 594 752 quod
621 655 754 736 melius
781 662 882 730 esset
910 655 1006 752 Regi
1029 658 1169 736 Joanni
1189 684 1250 736 oa-

132 787 233 880 ptum
261 780 403 858 habere
429 782 633 876 latronem,
661 787 838 878 tanquam
865 782 1092 880 proditorem
1110 808 1265 885 ponere¹

133 907 380 1006 manoipatnm
399 908 439 982 in
456 908 550 1006 looo⁸
560 914 718 1002 angusto
737 906 849 982 Pauli
868 907 1038 984 Artandi.
1061 910 1112 986 Et
1129 911 1156 989 J
1158 934 1248 988 oan-

129 1057 196 1110 nes
215 1034 383 1132 Zalanoij
412 1035 561 1110 astabat
586 1033 683 1130 Regi
711 1033 851 1110 Joanni
870 1033 929 1110 die
947 1043 1133 1132 noctuque
1152 1060 1247 1136 equo

130 1162 252 1236 animo
278 1183 359 1236 oum
388 1161 538 1238 Josune
565 1159 730 1256 Fekete3
759 1168 795 1236 et
824 1162 878 1236 ait
906 1161 990 1236 Rex
1014 1161 1155 1240 Joanni
1173 1164 1245 1240 Za·

130 1287 241 1386 lanoy
262 1314 271 1361 :
295 1285 437 1382 „Curre
456 1286 603 1381 statim,
624 1293 662 1362 et
680 1285 740 1362 dio
758 1286 951 1363 Jeronimo
970 1285 1127 1388 Laoky‚
1148 1291 1247 1388 quod
1319 1286 1323 1296 ‘

131 1436 227 1490 nuno
254 1413 345 1488 mihi
371 1414 488 1489 allate
515 1419 602 1490 sunt
619 1413 658 1488 in
676 1414 848 1490 manibus
875 1413 1000 1490 littere
1019 1414 1159 1491 domini
1177 1439 1244 1514 gu·

126 1541 356 1635 seruatoris,
385 1539 481 1636 quod
517 1539 556 1614 in
584 1539 648 1613 via
670 1541 749 1636 jam
778 1560 955 1636 egressus
983 1547 1084 1616 esset
1110 1563 1244 1620 vorsus

127 1667 303 1744 Budam.“
336 1665 504 1764 Cumque
532 1665 702 1743 Joannes
730 1665 900 1766 Zalanoy
926 1666 1145 1765 protulisset
1168 1671 1243 1748 ista

126 1797 240 1872 verba
268 1795 415 1872 domino
443 1793 598 1896 Laoky,
628 1817 713 1870 mox
742 1794 908 1871 surrexit
935 1793 980 1868 de
1004 1794 1143 1872 lentulo
1161 1795 1242 1874 siue

125 1921 411 2020 expergefaetus
428 1921 564 1998 fuerat.
594 1921 768 1996 Attamen
800 1927 999 2018 antequam
1018 1921 1241 2000 multociens

124 2047 282 2124 inuitare
316 2049 459 2126 fecerat
495 2047 578 2124 Rex
607 2071 710 2142 eum,
741 2054 782 2122 vt
807 2048 937 2122 veniat
963 2047 1012 2122 ad
1039 2069 1144 2142 eum,
1173 2049 1241 2126 sed

123 2197 269 2272 semper
296 2176 503 2251 excusabat
529 2198 570 2252 se
594 2173 916 2270 oumegritudine
933 2195 1021 2268 sua3
1041 2177 1108 2250 sed
1127 2195 1239 2271 quum

124 2300 288 2376 audisset
305 2302 589 2397 gubernatorem
604 2299 813 2376 venientem
823 2321 954 2376 versus
973 2298 1130 2393 Rodum,
1149 2298 1237 2376 ilioo

121 2424 316 2525 imperauit
342 2427 462 2504 seruis
481 2427 560 2502 suis
571 2423 588 2522 ‚'
600 2433 642 2500 vt
660 2447 769 2523 aqum
789 2425 980 2501 meliorem
999 2423 1125 2501 statim
1144 2424 1235 2500 adu·

121 2561 246 2630 oerent
274 2575 356 2629 oum
385 2555 493 2630 sella.
522 2553 572 2630 Et
591 2555 646 2631 sio
664 2553 848 2630 duxerant
866 2575 975 2649 equm
995 2550 1084 2646 sibi;
1104 2573 1234 2626 ascen

120 2679 198 2755 den.
218 2677 309 2778 ⁹⁷·{v1
334 2681 435 2779 oepit
451 2681 537 2756 ilioo
551 2681 728 2778 jaotitare
746 2705 792 2756 ao
811 2679 1005 2773 strepitum
1023 2679 1149 2752 faeere
1166 2699 1235 2776 por

119 2807 218 2884 vioos
237 2809 447 2907 platearum
466 2809 630 2904 Buden,
652 2809 760 2906 quasi
778 2830 967 2906 nunquam
985 2806 1128 2882 febrem
1147 2827 1231 2880 ssu·

118 2933 235 3012 sisset
256 2932 356 3026 Quia
374 2936 444 3011 sub
464 2935 633 3012 custodia
660 2943 741 3010 erat
760 2935 821 3012 die
840 2941 1045 3030 noctuque,
1074 2931 1231 3028 triginta

119 3057 182 3135 duo
200 3061 272 3137 viri
291 3061 560 3138 custodiebant.

217 3185 469 3279 Quamobrem
492 3191 570 3286 jam
599 3191 807 3288 oooupabat
831 3189 901 3264 sub
928 3186 1076 3262 nomino
1093 3185 1228 3282 guber-

120 3315 276 3408 natoris,
305 3313 343 3388 id
369 3322 428 3392 est
455 3339 563 3392 arees
582 3339 626 3391 ao
650 3315 822 3391 ciuitates
841 3321 879 3389 et
897 3313 1080 3412 opidulos.
1110 3309 1228 3403 Quasi

118 3435 255 3516 demum
275 3443 451 3516 tenebant
468 3441 610 3538 Regem
638 3441 664 3520 J
666 3465 824 3518 oannem
842 3439 1027 3534 infimum,
1048 3447 1086 3514 et
1103 3438 1226 3538 prius·

30 3551 37 3584 '
116 3583 215 3657 quam
244 3568 417 3643 voluerat
445 3569 618 3648 obsidere
652 3570 908 3667 episcopatum
937 3565 1224 3656 Varadiensem‚

116 3695 148 3762 et
163 3693 303 3769 minato
330 3697 444 3772 verbo
473 3697 632 3791 rogabat
659 3697 728 3772 sub
756 3695 904 3770 nomine
932 3692 1069 3768 domini
1098 3687 1224 3768 Gritti.

119 3811 230 3906 Quum
258 3819 438 3924 sensisset
466 3819 548 3898 Rex
576 3823 698 3922 ipsum
727 3846 801 3899 uon
829 3844 912 3899 esse
940 3821 1072 3897 dorum
1094 3819 1133 3928 in
1152 3815 1224 3892 fide

117 3963 197 4040 sua,
227 3946 403 4044 policitus
431 3957 513 4024 erat
531 3949 565 4024 ei
585 3949 689 4046 Rex,
719 3951 813 4026 siout
831 3948 1081 4040 Arentinus,
1110 3967 1222 4020 vuum

118 4087 231 4146 areum
252 4071 445 4149 Kesmark
473 4075 571 4151 inter
588 4075 726 4156 limites
745 4075 868 4172 Regni
887 4075 1114 4150 Polouorum
1133 4072 1222 4148 stita

116 4201 173 4270 est.
194 4196 246 4272 Et
264 4205 464 4296 propterea
482 4201 727 4298 repagulatus
746 4201 1035 4277 eratinoiuitate
1053 4207 1220 4297 tempore

112 4315 233 4409 judicis
262 4323 548 4402 Bartholomeus
577 4327 745 4428 Ettyeki.
776 4327 825 4402 Et
851 4335 934 4426 post
961 4348 1072 4401 vnam
1090 4325 1219 4402 horam

115 4447 378 4524 refooillauerat
405 4471 540 4526 nouam
568 4453 705 4528 famam
733 4453 806 4530 sibi
833 4449 1003 4531 Joanues
1022 4451 1217 4546 Zalanohi‚

117 4573 199 4664 qood
226 4577 456 4671 gubernator
484 4587 584 4656 esset
603 4579 639 4654 in
659 4580 747 4678 Nag
766 4579 894 4660 Thur.
926 4581 977 4658 itt
995 4605 1077 4658 mox
1106 4603 1217 4682 super
