3248 5210
1176 502 1230 582 59

127 725 230 802 super
248 701 383 798 equum
402 723 509 778 suum
528 702 567 776 in
584 709 705 780 teatro
716 702 788 779 fori
807 701 937 780 Sancti
957 702 1115 800 Georgii
1134 727 1230 782 mar·

128 830 202 906 tirio
228 828 357 904 iactita
385 828 550 926 seipsum
579 851 663 905 cum
691 853 807 926 equo,
838 839 874 905 et
901 833 941 905 in
961 839 1145 908 momento
1164 832 1230 908 tri·

129 963 226 1030 centa
244 955 392 1053 equites
417 961 600 1032 steterunt
626 957 831 1054 proximus.
863 957 913 1032 Et
931 958 979 1032 ad
997 959 1097 1034 vitra
1115 957 1232 1034 Pesth

129 1085 162 1158 in
179 1105 250 1158 uno
269 1082 439 1180 hospicio
467 1083 504 1156 in
533 1081 772 1158 Zenthialwa
799 1083 1009 1178 descendit,
1039 1085 1232 1162 etiterum

20 1257 21 1280 a
130 1213 282 1285 ciamare
302 1209 391 1283 fecit
409 1208 458 1284 ad
476 1217 645 1284 sanctam
659 1213 769 1306 juxta
789 1233 935 1287 erucem
946 1214 1086 1306 venire,
1106 1214 1234 1288 veniat

20 1353 21 1434 3
131 1335 171 1410 ai
188 1335 402 1412 redimenda
429 1336 575 1412 animas
594 1359 683 1412 suas
702 1361 726 1412 a
744 1339 911 1437 peccatis
930 1340 1021 1415 suis.
1053 1338 1103 1414 Et
1121 1362 1232 1416 vene·

131 1471 206 1538 mut
229 1463 336 1538 multi
365 1463 478 1538 etiam
506 1463 666 1540 tricenta
693 1464 849 1560 equites.
877 1464 965 1540 Jam
992 1486 1136 1540 summa
1154 1475 1236 1542 crat

131 1599 299 1666 sexcenta
326 1591 514 1684 virorum3
543 1599 581 1664 et
598 1590 701 1665 venit
725 1589 773 1664 ad
801 1589 1060 1668 Tizawarsan.
1089 1589 1149 1668 Ibi
1166 1593 1235 1668 tali

20 1791 22 1828 s
132 1717 230 1794 modo
259 1719 423 1794 clamare
451 1719 540 1794 iecit
568 1719 699 1794 venire
719 1718 766 1793 ad
785 1725 953 1794 sanctam
973 1740 1119 1796 crucem
1138 1719 1236 1795 acci·

20 1915 21 1950 p
134 1869 214 1943 pere
241 1868 340 1944 pena
368 1855 406 1920 ct
433 1870 456 1919 a
485 1847 616 1945 culpa3
657 1855 694 1921 et
721 1855 905 1922 venerunt
932 1849 1051 1924 eciam
1078 1849 1239 1924 tricenta

20 1993 21 2074 j
133 1975 268 2070 equites
297 1983 334 2048 ct
360 1975 520 2049 tricenta
556 1973 722 2072 pedites,
763 1982 800 2048 et
836 1974 971 2072 promti
1000 1983 1107 2051 erant
1129 1976 1239 2071 juxta

133 2107 290 2180 muctam
311 2121 458 2175 crucem
478 2107 644 2174 mortem.
674 2098 726 2174 Et
744 2101 848 2174 venit
865 2099 1021 2200 posthac
1040 2100 1088 2176 ad
1107 2100 1238 2197 Nagh·

132 2235 200 2320 tur,
220 2227 273 2300 ihi
293 2227 412 2300 eciam
431 2226 596 2302 clamare
615 2226 705 2301 iecit
724 2249 822 2324 pena
841 2237 878 2302 et
897 2251 921 2300 a
938 2227 1050 2326 culpa
1068 2227 1240 2326 accipere

20 2375 21 2400 ¹
133 2359 291 2430 sanctam
320 2355 472 2428 rubeam
502 2375 670 2448 cruccm;
701 2361 738 2427 et
765 2361 949 2430 venerunt
976 2375 1167 2430 assumere
1191 2354 1240 2429 ad

132 2489 291 2555 sanctam
320 2503 467 2556 crucem
497 2479 656 2582 (plnres)
684 2502 795 2577 quam
825 2489 907 2558 octo
935 2489 1056 2558 centa.
1084 2480 1240 2558 Interim

135 2615 340 2683 exactorem
359 2631 537 2683 censitum
555 2607 708 2702 invenit,
729 2615 766 2683 et
784 2606 948 2684 habebat
962 2609 1124 2706 quinque
1143 2631 1239 2683 mar·

134 2757 192 2810 eas
208 2735 249 2810 in
265 2736 411 2833 paratis
439 2736 619 2834 pecuniis.
651 2735 778 2833 Ipsum
799 2735 953 2830 occidit,
983 2744 1020 2810 et
1044 2736 1240 2833 pecuniam

135 2861 307 2936 abstuliit.
340 2861 391 2935 Et
409 2861 598 2938 ordinauit
621 2865 699 2958 jam
728 2860 919 2957 Georgius
939 2861 1089 2938 Siculus
1107 2862 1240 2936 tubici-

136 2993 278 3062 naiores
306 3009 388 3062 eum
406 2989 753 3086 timpanisticarum.
778 2987 835 3070 ⁶²⁰·!
870 2989 1069 3087 Disposuit
1095 2995 1132 3064 et
1159 3011 1240 3065 sur·

136 3114 226 3188 rexit
243 3113 376 3190 iterum
395 3111 440 3188 de
460 3113 692 3210 Naghthwr‚
724 3124 862 3189 etcum
883 3137 927 3188 eo
946 3113 1133 3212 parochus
1152 3113 1241 3189 Am·

135 3239 275 3317 brucins
293 3239 337 3314 de
356 3241 507 3340 Wanya
531 3249 613 3316 cuni
633 3265 707 3315 vna
725 3249 887 3318 caterua.
915 3240 965 3314 Et
983 3248 1064 3317 erat
1091 3241 1242 3318 bacula-

137 3365 206 3441 rius
235 3365 524 3443 Ikrakouiensis
553 3365 588 3468 *)
619 3375 656 3442 et
684 3375 765 3443 erat
799 3366 1043 3461 furibundus3
1079 3372 1242 3442 atamen

137 3494 280 3569 inbutus
300 3501 380 3570 erat
398 3494 437 3568 in
456 3495 556 3570 omni
576 3495 747 3570 scicntia.
778 3492 901 3584 Quum
930 3492 1244 3590 apropinquasset

140 3629 315 3698 castorem
336 3619 479 3717 Georgi
499 3620 630 3715 Siculi,
650 3646 691 3698 se
712 3623 834 3720 ipsum
852 3621 949 3696 intro
960 3621 1243 3714 commendauit,

141 3749 218 3842 quia
237 3749 422 3823 notarium
442 3771 514 3824 non
535 3748 709 3826 hahebat.
737 3749 886 3824 Placuit
904 3747 976 3824 sibi
998 3745 1165 3843 Georgia
1185 3745 1243 3822 Si·

140 3875 226 3964 culi,
257 3885 294 3949 et
308 3877 417 3972 juxta
436 3874 502 3950 flui
522 3877 639 3951 mouit
657 3899 741 3952 sese
770 3875 817 3950 ad
846 3873 1004 3970 Heghe;
1024 3882 1062 3948 et
1081 3873 1133 3948 ibi
1152 3896 1242 3969 gen·

140 4009 205 4076 tem
222 4024 328 4078 suam
349 4004 588 4100 eomputauit.
616 4001 667 4078 Et
685 4011 902 4079 numeratus
927 4001 999 4076 duo
1018 4000 1122 4074 milia
1140 4001 1243 4096 equi-

141 4135 321 4204 tesettrcs
340 4127 445 4202 milia
465 4127 620 4226 pedites.
644 4129 693 4203 Et
702 4136 828 4206 castra
846 4135 1006 4205 metatus
1026 4135 1108 4203 erat
1126 4128 1244 4201 eciam

140 4255 238 4346 juxta
265 4255 413 4348 Belues3
442 4264 479 4329 et
507 4257 669 4332 ciamare
709 4255 841 4331 iterum
869 4256 978 4350 iecit,
1009 4261 1048 4328 vt
1075 4251 1246 4328 verrirent

145 4383 304 4482 accipere
324 4382 500 4458 Sanctam
519 4407 677 4478 crucem,
700 4407 808 4482 quem
825 4389 1068 4484 paternoster
1087 4380 1245 4458 sanctis·

145 4507 251 4586 anns
287 4509 456 4587 Thomas
502 4511 810 4610 archiepiscopus
846 4511 890 4584 de
925 4517 1056 4585 saneta
1094 4507 1245 4584 ciuitate

176 4779 198 4842 ·)
217 4777 294 4834 Am
314 4777 534 4840 „maalmeon
554 4777 781 4834 cracoviensis.-
