3226 5220
427 509 504 589 164

426 711 465 784 in
483 711 597 786 tubiis
623 710 798 787 bneinan.
820 716 858 784 et
875 717 1025 806 gentem
1045 711 1117 788 eito
1147 735 1345 811 preparan.
1365 712 1415 789 ad
1432 713 1556 788 iotnm

427 845 464 912 et
482 842 664 912 steterunt
682 859 807 913 eoram
818 836 1104 913 vaiuodePrini.
1124 838 1274 914 Extuno
1289 838 1425 916 Petrus
1441 841 1558 916 Prini

426 966 544 1040 aciem
564 987 669 1040 suam
688 963 847 1039 nesciuit
864 969 941 1038 tam
961 963 1033 1038 cito
1045 942 1341 1063 ordinarequam
1352 966 1555 1058 Traeiani,

427 1091 494 1168 sed
520 1114 614 1187 gens
646 1111 715 1165 sna
743 1088 952 1164 inordinate
981 1097 1099 1165 erant.
1142 1090 1328 1168 Viderunt
1355 1091 1556 1182 Traeiani,

428 1217 527 1314 quod
546 1241 620 1293 non
639 1222 766 1292 essent
785 1215 909 1312 parati
929 1215 976 1290 ad
995 1215 1173 1312 duellum,
1192 1217 1256 1292 vbi
1275 1225 1383 1294 erant
1400 1220 1557 1317 pedites

428 1343 625 1421 duomilia
652 1341 939 1438 Hungarornm,
960 1341 1009 1416 ad
1026 1342 1115 1418 illos
1142 1342 1347 1440 imppetum
1367 1345 1555 1442 feserunt,

427 1471 554 1546 oedem
592 1476 630 1543 et
665 1475 830 1564 stragem
869 1490 1116 1564 magnamque
1154 1469 1339 1566 egissent,
1368 1471 1422 1545 ita
1450 1473 1557 1568 quod

428 1599 547 1673 fertur
566 1595 725 1690 dixisse,
757 1592 855 1691 quod
876 1594 1146 1691 quinquaginta
1164 1596 1328 1671 virorum
1347 1597 1392 1671 de
1410 1599 1556 1695 pediti-

428 1727 498 1802 bus
516 1746 590 1798 non
608 1722 877 1796 remansissent
903 1722 990 1818 plus
1009 1720 1054 1795 de
1074 1721 1217 1798 duobus
1245 1723 1397 1799 milibus
1426 1723 1553 1800 homi-

429 1875 527 1927 num.
557 1851 609 1924 Et
627 1853 759 1946 postea
787 1846 836 1921 ad
864 1845 1008 1942 equites
1036 1845 1206 1922 vaiuode.
1237 1845 1397 1939 Quidam
1426 1873 1476 1926 ex
1497 1852 1555 1926 eis

430 1977 619 2055 nobilibus
656 1976 793 2050 multos
832 1979 1134 2072 prostrauerunt,
1174 1997 1267 2072 quos
1293 1999 1483 2074 pauperes
1514 1979 1553 2052 in

430 2105 534 2181 ouria
552 2103 672 2198 Regia
692 2101 906 2199 MaJestatis
934 2103 1226 2196 cognoscebam
1254 2109 1387 2200 utputa
1406 2103 1553 2180 Paulus

432 2231 572 2327 Kerej,
593 2227 784 2324 Georgius
804 2224 1007 2326 Abranffy,
1028 2232 1066 2300 et
1084 2227 1139 2302 sie
1157 2226 1203 2300 de
1221 2227 1383 2324 singulis
1401 2230 1554 2306 nobiles

430 2359 537 2434 multi
555 2355 735 2456 prostrati
754 2361 872 2432 erant.
893 2353 954 2428 Ita
963 2355 1081 2428 fertur
1090 2353 1241 2450 dixisse,
1261 2356 1553 2456 quodineampo

431 2483 595 2560 Mohaeh
615 2483 648 2558 si
665 2489 721 2556 tot
738 2481 935 2578 perissent.
965 2480 1102 2556 Petrus
1129 2481 1236 2556 Prini
1265 2483 1407 2558 onourit
1434 2507 1554 2584 super

432 2634 567 2709 equum
586 2632 713 2704 suum,
734 2615 772 2682 et
790 2608 981 2684 nesciebat
1000 2630 1093 2704 quo,
1124 2607 1212 2704 qnia
1229 2607 1268 2683 in
1287 2609 1392 2685 illam
1409 2618 1553 2688 terram

430 2738 572 2815 inseius
600 2744 692 2814 erat.
722 2736 863 2812 Postea
891 2757 987 2810 vnus
1016 2733 1229 2812 Traeianus
1257 2757 1390 2812 seruus
1408 2736 1552 2813 domini

432 2863 623 2962 magnifici
659 2863 798 2940 Jaesitt
835 2859 957 2937 Maroi
986 2831 1176 2937 direxerat
1202 2885 1335 2939 versus
1363 2863 1551 2964 Nagylak

432 2992 481 3068 ad
497 2991 654 3084 vadum,
675 2997 713 3064 et
730 2995 817 3088 post
834 2988 957 3087 ipsum
986 2990 1184 3066 currebant
1211 2989 1388 3067 adaueter
1408 2993 1552 3068 milites

431 3117 623 3211 Tranioni,
644 3124 681 3192 et
699 3115 979 3210 investigabant
997 3137 1101 3189 eum:
1118 3117 1216 3218 „Vbi
1227 3117 1375 3194 vidistis
1386 3119 1492 3194 Prini
1505 3119 1546 3192 ?“

433 3241 532 3336 Quia
550 3265 663 3317 vnum
682 3263 817 3338 equum
836 3239 990 3316 dederat
1001 3239 1243 3318 Mehmetbek
1253 3243 1325 3318 sibi
1336 3244 1374 3318 in
1384 3243 1552 3342 domum3

432 3373 541 3447 albus
560 3391 678 3466 equus
697 3374 826 3466 nepotes,
847 3365 944 3462 quod
964 3389 1034 3462 ego
1044 3365 1133 3441 vidi.
1154 3366 1378 3464 Magnificus
1397 3369 1551 3446 Marcus

433 3497 564 3576 Jaksit
583 3496 627 3571 de
655 3517 741 3571 aree
767 3517 837 3570 sua
864 3516 932 3590 per
961 3494 1169 3569 canoellum
1187 3495 1228 3570 in
1245 3495 1329 3572 visu
1348 3497 1468 3594 ipsius
1485 3523 1549 3576 oo·

432 3625 583 3722 gnonit,
615 3621 713 3720 quod
731 3622 867 3698 Petrus
887 3619 994 3696 Prini
1013 3626 1131 3696 staret
1149 3621 1198 3696 ad
1216 3621 1363 3721 rippam
1381 3622 1446 3698 flui
1466 3625 1549 3700 Ma·

432 3751 584 3848 risium3
604 3773 690 3826 mox
717 3747 886 3848 precepit
915 3747 1136 3824 eleientibus
1165 3749 1264 3844 suis,
1285 3757 1325 3824 vt
1343 3773 1411 3850 per
1428 3759 1549 3828 ratem

433 3883 627 3978 portarent
653 3877 775 3976 ipsum
802 3875 901 3952 vltra
929 3873 1082 3950 fluuium
1110 3873 1280 3961 Marusii.
1310 3877 1361 3950 Et
1380 3899 1462 3952 oum
1482 3903 1548 3954 re·

433 4005 551 4082 nisset
577 4003 627 4079 ad
653 4003 840 4079 dominum
868 4000 1036 4076 Marcum
1066 4000 1264 4076 vaiuodam
1284 4002 1332 4076 ad
1351 4003 1547 4100 Naghlak,

433 4131 485 4208 ibi
505 4131 646 4229 quieuit
664 4152 731 4228 per
750 4152 861 4206 vnam
890 4127 1131 4206 ebdomadam
1160 4133 1325 4223 seorete3
1355 4129 1443 4226 qnia
1469 4153 1548 4206 ma-

433 4264 567 4354 gnates
594 4255 772 4332 Traeiani
800 4253 1064 4350 Hungarornm
1093 4259 1130 4330 et
1154 4254 1228 4353 ipsi
1247 4256 1472 4352 nequiebant
1489 4257 1546 4332 ni·

434 4406 540 4480 grum
567 4381 754 4459 hominem
781 4381 986 4476 dominari,
1006 4405 1051 4456 ao
1069 4379 1200 4479 posius
1228 4380 1446 4458 deridebant
1463 4405 1547 4460 eum

437 4510 620 4606 solebant,
633 4505 884 4606 qnoddemum
903 4506 1049 4582 defieiet
1066 4513 1195 4582 eontra
1206 4505 1422 4605 Hungaros.
1439 4509 1549 4586 Post·

434 4635 504 4712 hee
521 4635 657 4712 Petrus
677 4633 784 4710 Prini
803 4633 955 4710 delusus
973 4640 1010 4708 et
1027 4655 1226 4732 percussus
1250 4657 1319 4734 per
1338 4635 1548 4716 Traeianos

434 4761 598 4840 euourrit
614 4759 664 4838 ad
680 4761 827 4858 domum
845 4783 957 4860 super
975 4759 1194 4838 Finirwara.
1225 4761 1365 4844 Postea
1382 4765 1548 4862 ponebat
