3238 5228
400 500 478 578 288

400 701 466 774 ire.
497 701 549 774 Et
575 700 825 799 prophetabat
853 701 944 776 mihi
973 701 1128 776 dicens:
1163 701 1270 796 ,Non
1299 725 1365 778 cas
1393 709 1510 788 extra.

398 834 505 924 pater
529 825 709 922 Georgo,
739 835 776 901 et
793 828 832 902 in
851 828 1021 903 manibus
1049 826 1211 902 habebat
1238 835 1427 925 sceptrum
1454 829 1507 902 al-

400 953 498 1048 bum,
519 959 605 1027 ante
625 976 683 1028 me
702 953 923 1051 opponebat,
944 959 984 1026 vt
1002 975 1048 1027 ue
1066 951 1171 1027 irem.
1192 951 1313 1028 Dixi:
1339 953 1511 1051 ,Nequa-

400 1101 509 1176 quam
528 1087 651 1177 potest
668 1078 771 1154 aliud
789 1077 882 1175 deri,
904 1080 993 1177 quia
1007 1079 1045 1155 ,si
1063 1101 1137 1154 non
1156 1079 1229 1174 ibo,
1250 1079 1288 1152 in
1307 1102 1366 1154 me
1385 1081 1509 1156 statim

399 1205 552 1304 rapidus
572 1207 687 1282 esto.“
720 1205 771 1280 Et
789 1205 887 1302 quod
905 1206 999 1282 vidit
1017 1228 1075 1280 me
1090 1208 1170 1302 jam
1189 1207 1410 1282 uulneratum
1429 1229 1510 1283 cur-

399 1337 540 1406 rentem
561 1331 609 1406 ad
628 1355 771 1428 arcem,
801 1337 838 1406 ct
865 1331 986 1407 adhuc
1004 1329 1056 1407 ibi
1075 1331 1240 1409 sedebat.
1270 1331 1380 1406 Dixit
1397 1332 1509 1406 mihi:

404 1457 571 1554 „Tamen
590 1480 660 1554 ego
680 1457 758 1533 dixi
776 1457 855 1552 tibi,
876 1465 917 1531 vt
935 1481 983 1532 ne
1002 1459 1105 1534 eas.“
1137 1457 1186 1532 Et
1204 1460 1329 1535 statim
1348 1459 1440 1534 mihi
1459 1460 1510 1532 ie·

400 1583 450 1656 cit
475 1589 648 1681 rupptam
675 1583 807 1657 faciem
847 1605 929 1657 cnm
966 1583 1233 1660 barbitonsore'
1251 1607 1365 1682 supra
1391 1584 1511 1680 ligare

401 1732 468 1784 sno
487 1709 627 1787 Joanni
646 1709 916 1786 barbitonsore.
938 1707 989 1783 Et
1009 1709 1065 1784 sic
1083 1717 1174 1785 erat.

507 1836 700 1912 Venerunt
712 1838 792 1932 jam
811 1835 1030 1912 secundario
1042 1833 1223 1912 Germani
1244 1835 1292 1910 ad
1309 1837 1511 1934 imppetum

401 1963 587 2039 ciuitatem
605 1963 747 2038 irruere
766 1963 890 2038 volan.
910 1968 1082 2062 exparte
1101 1961 1252 2058 Logcd,
1282 1969 1319 2037 at
1337 1961 1510 2058 Huugari

401 2090 569 2186 parteriti
587 2095 704 2166 erant.
731 2089 846 2168 'Purci
865 2088 1013 2186 quidem
1032 2089 1245 2185 gaudebant
1264 2096 1301 2162 et
1320 2087 1511 2164 dicebant:

415 2215 572 2312 ,Ercle,
594 2241 663 2293 nos
682 2239 756 2292 non
775 2215 1037 2312 formidamus,
1059 2215 1146 2313 quia
1164 2215 1298 2291 ciuitas
1316 2221 1373 2290 est
1399 2235 1514 2312 supra

405 2343 599 2417 montem.“
642 2343 693 2418 Et
728 2341 931 2439 Hungaros
968 2341 1013 2417 de
1040 2343 1184 2441 pariete
1212 2341 1377 2416 ciuitatis
1403 2345 1511 2414 arba

400 2474 590 2545 truserunt
607 2467 653 2543 de
671 2473 821 2563 cortta,
850 2467 1078 2544 solummodo
1106 2467 1181 2564 ipsi
1208 2489 1290 2542 cum
1318 2463 1459 2562 gladiis
1478 2475 1513 2538 et

402 2593 580 2690 fustibus,
610 2602 647 2670 et
674 2594 853 2670 Tranioni
882 2594 927 2668 de
955 2593 1069 2669 funda
1097 2615 1178 2668 oum
1205 2592 1396 2692 lapidibus
1415 2589 1511 2667 Ger·

403 2741 531 2796 manos
558 2721 779 2818 proicebant
804 2725 980 2822 tanquam
999 2719 1104 2817 pluia
1128 2717 1383 2795 descendisset
1400 2739 1513 2816 super

403 2868 479 2921 eos.
507 2845 557 2944 Et
583 2847 635 2922 ibi
662 2847 798 2924 multos
824 2845 916 2921 belli
935 2845 1105 2920 ductores
1128 2844 1419 2940 interfecerunt,
1451 2843 1512 2940 qui

405 2980 511 3047 erant
529 2972 781 3067 centuriones,
803 2971 866 3070 qui
884 2970 1114 3046 decuriones.

510 3099 561 3172 Et
579 3105 722 3197 septem
740 3097 864 3197 capita
881 3096 927 3172 de
945 3103 1052 3196 parte
1072 3093 1346 3173 Germanorum
1359 3118 1512 3196 presen-

405 3232 577 3302 tauerunt
605 3223 825 3321 Regiestati.
854 3224 905 3298 Et
923 3223 1099 3318 cognouit
1115 3221 1199 3298 Rex
1216 3245 1292 3318 eos,
1313 3229 1351 3298 et
1368 3221 1515 3297 dicebat

407 3353 454 3428 ad
473 3359 585 3450 caput
603 3351 801 3451 percucien
822 3378 830 3424 :
855 3347 1024 3446 „Amice,
1045 3348 1253 3426 adueneras
1272 3349 1319 3424 ad
1345 3371 1404 3422 me
1431 3357 1513 3423 tan·

407 3502 515 3576 quam
535 3479 674 3574 hostis,
695 3502 817 3554 nonne
835 3477 903 3552 tibi
922 3467 993 3574 ego
1012 3479 1129 3552 multa
1153 3478 1252 3552 bona
1269 3477 1354 3571 feci,
1374 3484 1412 3552 ct
1430 3499 1510 3550 ma-

172 3595 177 3604 ’
258 3619 262 3626 ’
405 3629 516 3702 gnam
535 3606 735 3682 karitatem
753 3605 953 3680 habuimus
970 3603 1165 3680 inuicem.“
1188 3601 1253 3677 Ait
1271 3601 1353 3678 Rex
1368 3601 1510 3678 adhuc:

410 3732 509 3830 ,Iste
520 3740 601 3809 erat
611 3755 769 3828 magnus
779 3730 949 3806 dominus
959 3731 999 3807 in
1008 3729 1191 3823 Morauia,
1211 3729 1374 3804 habebat
1387 3729 1513 3804 decem

408 3881 535 3955 aroes;
556 3865 593 3933 et
616 3857 686 3934 iste
714 3856 897 3933 secundus
925 3864 1007 3932 erat
1034 3853 1208 3951 egregius
1236 3854 1381 3930 habens
1408 3873 1515 3930 arces

407 3991 546 4084 septem
567 4012 576 4058 :
597 3984 662 4059 ille
681 3983 745 4080 qui
764 3990 823 4059 est
840 3983 1018 4081 expansis
1037 3977 1176 4056 Oribus
1194 3988 1276 4056 erat
1293 3977 1510 4082 exlesia*).“

409 4111 459 4186 Et
476 4118 618 4210 septem
639 4109 762 4208 capita
788 4109 878 4186 fecit
895 4110 1023 4186 uibere
1043 4107 1091 4182 ad
1109 4129 1274 4184 mensam
1299 4105 1515 4206 cyphorum,

406 4246 443 4312 ct
461 4237 653 4338 prandium
673 4235 762 4311 lecit
780 4259 982 4336 preparare
1000 4235 1241 4334 tempestiue,
1262 4240 1300 4308 et
1328 4233 1515 4310 dominum

308 4401 310 4408 ·
409 4363 526 4442 Gritti
545 4362 636 4438 fecit
653 4383 788 4437 vocare
807 4361 853 4436 de
872 4374 981 4438 corto
998 4361 1048 4436 ad
1074 4383 1198 4437 arcem
1226 4359 1441 4435 comedendi
1470 4360 1516 4434 ad

406 4463 618 4590 prandium..
649 4487 878 4565 comedebat
914 4495 951 4564 at
984 4487 1136 4564 bibebat
1169 4487 1271 4582 Rex,
1301 4494 1338 4562 et
1366 4487 1514 4564 interim

413 4801 416 4808 ·
442 4773 474 4840 t)
488 4773 567 4830 Am
586 4789 636 4842 ,ex
654 4771 773 4830 Siccis-‘⁴
