<?xml version="1.0" encoding="UTF-8"?>
<!DOCTYPE html PUBLIC "-//W3C//DTD XHTML 1.0 Transitional//EN"
    "http://www.w3.org/TR/xhtml1/DTD/xhtml1-transitional.dtd">
<html xmlns="http://www.w3.org/1999/xhtml" xml:lang="en" lang="en">
 <head>
  <title>
</title>
<meta http-equiv="Content-Type" content="text/html;charset=utf-8" />
  <meta name='ocr-system' content='tesseract 3.04.00' />
  <meta name='ocr-capabilities' content='ocr_page ocr_carea ocr_par ocr_line ocrx_word'/>
</head>
<body>
  <div class='ocr_page' id='page_1' title='image "./emlkiratamagyar00wenzgoog_0347.png"; bbox 0 0 3238 5228; ppageno 0'>
   <div class='ocr_carea' id='block_1_1' title="bbox 276 449 483 587">
    <p class='ocr_par' dir='ltr' id='par_1_1' title="bbox 276 449 483 587">
     <span class='ocr_line' id='line_1_1' title="bbox 276 449 483 587; baseline 0 0"><span class='ocrx_word' id='word_1_1' title='bbox 276 449 280 456; x_wconf 78' lang='grc'><em>’</em></span> <span class='ocrx_word' id='word_1_2' title='bbox 401 487 483 587; x_wconf 72' lang='lat'><strong>³00</strong></span> 
     </span>
    </p>
   </div>
   <div class='ocr_carea' id='block_1_2' title="bbox 318 689 1531 1044">
    <p class='ocr_par' dir='ltr' id='par_1_2' title="bbox 318 689 1531 1044">
     <span class='ocr_line' id='line_1_2' title="bbox 405 689 1531 793; baseline -0.002 -23"><span class='ocrx_word' id='word_1_3' title='bbox 405 693 469 793; x_wconf 92' lang='lat' dir='ltr'><strong>qui</strong></span> <span class='ocrx_word' id='word_1_4' title='bbox 487 692 595 768; x_wconf 82' lang='lat' dir='ltr'><strong>miles</strong></span> <span class='ocrx_word' id='word_1_5' title='bbox 615 693 684 770; x_wconf 88' lang='lat' dir='ltr'><strong>sub</strong></span> <span class='ocrx_word' id='word_1_6' title='bbox 704 689 810 767; x_wconf 89' lang='lat' dir='ltr'><strong>Buda</strong></span> <span class='ocrx_word' id='word_1_7' title='bbox 828 691 1053 768; x_wconf 71' lang='lat' dir='ltr'><strong>molestabat</strong></span> <span class='ocrx_word' id='word_1_8' title='bbox 1071 693 1207 770; x_wconf 91' lang='lat' dir='ltr'><strong>multos</strong></span> <span class='ocrx_word' id='word_1_9' title='bbox 1235 692 1373 770; x_wconf 82' lang='lat' dir='ltr'><strong>milites</strong></span> <span class='ocrx_word' id='word_1_10' title='bbox 1401 689 1531 787; x_wconf 84' lang='lat' dir='ltr'><strong>Regis</strong></span> 
     </span>
     <span class='ocr_line' id='line_1_3' title="bbox 404 816 1528 916; baseline -0.003 -19"><span class='ocrx_word' id='word_1_11' title='bbox 404 817 591 912; x_wconf 86' lang='lat' dir='ltr'><strong>Joannis,</strong></span> <span class='ocrx_word' id='word_1_12' title='bbox 611 816 826 894; x_wconf 87' lang='lat' dir='ltr'><strong>admodum</strong></span> <span class='ocrx_word' id='word_1_13' title='bbox 853 823 935 894; x_wconf 90' lang='lat' dir='ltr'><strong>erat</strong></span> <span class='ocrx_word' id='word_1_14' title='bbox 961 823 1107 894; x_wconf 79' lang='lat' dir='ltr'><strong>statura</strong></span> <span class='ocrx_word' id='word_1_15' title='bbox 1124 825 1163 894; x_wconf 90' lang='lat' dir='ltr'><strong>et</strong></span> <span class='ocrx_word' id='word_1_16' title='bbox 1179 841 1341 916; x_wconf 86' lang='lat' dir='ltr'><strong>persona</strong></span> <span class='ocrx_word' id='word_1_17' title='bbox 1369 839 1441 894; x_wconf 87' lang='lat' dir='ltr'><strong>sna</strong></span> <span class='ocrx_word' id='word_1_18' title='bbox 1473 819 1528 894; x_wconf 91' lang='lat' dir='ltr'><strong>si-</strong></span> 
     </span>
     <span class='ocr_line' id='line_1_4' title="bbox 318 942 1530 1044; baseline -0.003 -21"><span class='ocrx_word' id='word_1_19' title='bbox 318 1003 321 1012; x_wconf 49' lang='lat'><strong>,</strong></span> <span class='ocrx_word' id='word_1_20' title='bbox 406 952 470 1023; x_wconf 88' lang='lat' dir='ltr'><strong>out</strong></span> <span class='ocrx_word' id='word_1_21' title='bbox 489 943 702 1043; x_wconf 74' lang='lat' dir='ltr'><strong>Stephanus</strong></span> <span class='ocrx_word' id='word_1_22' title='bbox 721 943 856 1038; x_wconf 88' lang='lat' dir='ltr'><strong>Bardi,</strong></span> <span class='ocrx_word' id='word_1_23' title='bbox 886 943 1032 1018; x_wconf 89' lang='lat' dir='ltr'><strong>demum</strong></span> <span class='ocrx_word' id='word_1_24' title='bbox 1060 965 1205 1044; x_wconf 88' lang='lat' dir='ltr'><strong>pauper</strong></span> <span class='ocrx_word' id='word_1_25' title='bbox 1232 946 1302 1022; x_wconf 91' lang='lat' dir='ltr'><strong>sub</strong></span> <span class='ocrx_word' id='word_1_26' title='bbox 1331 942 1530 1040; x_wconf 87' lang='lat' dir='ltr'><strong>Strigonie</strong></span> 
     </span>
    </p>
   </div>
   <div class='ocr_carea' id='block_1_3' title="bbox 347 1069 1530 1296">
    <p class='ocr_par' dir='ltr' id='par_1_3' title="bbox 347 1069 1530 1296">
     <span class='ocr_line' id='line_1_5' title="bbox 405 1069 1530 1171; baseline -0.004 -19"><span class='ocrx_word' id='word_1_27' title='bbox 405 1093 611 1171; x_wconf 83' lang='lat' dir='ltr'><strong>suspensus</strong></span> <span class='ocrx_word' id='word_1_28' title='bbox 629 1076 712 1148; x_wconf 91' lang='lat' dir='ltr'><strong>erat</strong></span> <span class='ocrx_word' id='word_1_29' title='bbox 729 1072 1115 1170; x_wconf 89' lang='lat' dir='ltr'><strong>perguberuatorem.</strong></span> <span class='ocrx_word' id='word_1_30' title='bbox 1135 1071 1186 1146; x_wconf 83' lang='lat' dir='ltr'><strong>Et</strong></span> <span class='ocrx_word' id='word_1_31' title='bbox 1209 1069 1265 1148; x_wconf 85' lang='lat' dir='ltr'><strong>sie</strong></span> <span class='ocrx_word' id='word_1_32' title='bbox 1283 1070 1329 1146; x_wconf 93' lang='lat' dir='ltr'><strong>de</strong></span> <span class='ocrx_word' id='word_1_33' title='bbox 1356 1071 1530 1168; x_wconf 84' lang='lat' dir='ltr'><strong>singulis</strong></span> 
     </span>
     <span class='ocr_line' id='line_1_6' title="bbox 347 1188 1530 1296; baseline 0 -26"><span class='ocrx_word' id='word_1_34' title='bbox 347 1259 353 1270; x_wconf 84' lang='lat'><strong><em>.</em></strong></span> <span class='ocrx_word' id='word_1_35' title='bbox 381 1200 605 1276; x_wconf 69' lang='lat' dir='ltr'><strong>‘onrrebunt</strong></span> <span class='ocrx_word' id='word_1_36' title='bbox 621 1196 671 1272; x_wconf 93' lang='lat' dir='ltr'><strong>ad</strong></span> <span class='ocrx_word' id='word_1_37' title='bbox 689 1219 772 1272; x_wconf 89' lang='lat' dir='ltr'><strong>eum</strong></span> <span class='ocrx_word' id='word_1_38' title='bbox 791 1202 942 1296; x_wconf 89' lang='lat' dir='ltr'><strong>propter</strong></span> <span class='ocrx_word' id='word_1_39' title='bbox 960 1188 1107 1292; x_wconf 83' lang='lat' dir='ltr'><strong>larga&#39;m</strong></span> <span class='ocrx_word' id='word_1_40' title='bbox 1126 1194 1384 1288; x_wconf 86' lang='lat' dir='ltr'><strong>soldinariam,</strong></span> <span class='ocrx_word' id='word_1_41' title='bbox 1405 1194 1446 1270; x_wconf 95' lang='lat' dir='ltr'><strong>id</strong></span> <span class='ocrx_word' id='word_1_42' title='bbox 1467 1203 1530 1272; x_wconf 89' lang='lat' dir='ltr'><strong>est</strong></span> 
     </span>
    </p>
   </div>
   <div class='ocr_carea' id='block_1_4' title="bbox 363 1317 1529 4842">
    <p class='ocr_par' dir='ltr' id='par_1_4' title="bbox 363 1317 1529 2288">
     <span class='ocr_line' id='line_1_7' title="bbox 405 1317 1529 1416; baseline -0.008 -12"><span class='ocrx_word' id='word_1_43' title='bbox 405 1321 716 1416; x_wconf 81' lang='lat' dir='ltr'><strong>mansionariam,</strong></span> <span class='ocrx_word' id='word_1_44' title='bbox 742 1329 780 1397; x_wconf 94' lang='lat' dir='ltr'><strong>et</strong></span> <span class='ocrx_word' id='word_1_45' title='bbox 807 1342 935 1398; x_wconf 86' lang='lat' dir='ltr'><strong>omnea</strong></span> <span class='ocrx_word' id='word_1_46' title='bbox 954 1317 1084 1396; x_wconf 87' lang='lat' dir='ltr'><strong>Solaui</strong></span> <span class='ocrx_word' id='word_1_47' title='bbox 1112 1319 1315 1414; x_wconf 89' lang='lat' dir='ltr'><strong>hottmani,</strong></span> <span class='ocrx_word' id='word_1_48' title='bbox 1344 1319 1529 1398; x_wconf 81' lang='lat' dir='ltr'><strong>videlieet</strong></span> 
     </span>
     <span class='ocr_line' id='line_1_8' title="bbox 399 1439 1527 1552; baseline -0.004 -23"><span class='ocrx_word' id='word_1_49' title='bbox 399 1439 486 1552; x_wconf 62' lang='lat' dir='ltr'><strong>&#39;Pap</strong></span> <span class='ocrx_word' id='word_1_50' title='bbox 507 1449 661 1547; x_wconf 79' lang='lat' dir='ltr'><strong>Gergh,</strong></span> <span class='ocrx_word' id='word_1_51' title='bbox 683 1447 822 1542; x_wconf 78' lang='lat' dir='ltr'><strong>Iu&#39;ioh,</strong></span> <span class='ocrx_word' id='word_1_52' title='bbox 843 1445 977 1524; x_wconf 88' lang='lat' dir='ltr'><strong>Sirmir</strong></span> <span class='ocrx_word' id='word_1_53' title='bbox 996 1447 1041 1523; x_wconf 88' lang='lat' dir='ltr'><strong>de</strong></span> <span class='ocrx_word' id='word_1_54' title='bbox 1069 1445 1220 1542; x_wconf 82' lang='lat' dir='ltr'><strong>Ornko,</strong></span> <span class='ocrx_word' id='word_1_55' title='bbox 1250 1470 1379 1524; x_wconf 89' lang='lat' dir='ltr'><strong>omnes</strong></span> <span class='ocrx_word' id='word_1_56' title='bbox 1409 1446 1527 1524; x_wconf 87' lang='lat' dir='ltr'><strong>deon·</strong></span> 
     </span>
     <span class='ocr_line' id='line_1_9' title="bbox 402 1575 1527 1666; baseline -0.008 -6"><span class='ocrx_word' id='word_1_57' title='bbox 402 1581 530 1660; x_wconf 90' lang='lat' dir='ltr'><strong>riones</strong></span> <span class='ocrx_word' id='word_1_58' title='bbox 548 1576 706 1654; x_wconf 92' lang='lat' dir='ltr'><strong>Bohemi</strong></span> <span class='ocrx_word' id='word_1_59' title='bbox 725 1584 763 1654; x_wconf 93' lang='lat' dir='ltr'><strong>et</strong></span> <span class='ocrx_word' id='word_1_60' title='bbox 781 1575 909 1654; x_wconf 82' lang='lat' dir='ltr'><strong>solani</strong></span> <span class='ocrx_word' id='word_1_61' title='bbox 925 1576 1527 1666; x_wconf 83' lang='lat' dir='ltr'><strong>aeoessemntadmenaionariam</strong></span> 
     </span>
     <span class='ocr_line' id='line_1_10' title="bbox 363 1695 1528 1804; baseline -0.005 -20"><span class='ocrx_word' id='word_1_62' title='bbox 363 1695 365 1702; x_wconf 59' lang='lat'>&#39;</span> <span class='ocrx_word' id='word_1_63' title='bbox 400 1705 685 1804; x_wconf 76' lang='lat' dir='ltr'><strong>gubernatoris,</strong></span> <span class='ocrx_word' id='word_1_64' title='bbox 705 1711 744 1780; x_wconf 91' lang='lat' dir='ltr'><strong>et</strong></span> <span class='ocrx_word' id='word_1_65' title='bbox 761 1703 941 1802; x_wconf 87' lang='lat' dir='ltr'><strong>peeunias</strong></span> <span class='ocrx_word' id='word_1_66' title='bbox 960 1725 1042 1780; x_wconf 89' lang='lat' dir='ltr'><strong>enm</strong></span> <span class='ocrx_word' id='word_1_67' title='bbox 1061 1704 1208 1800; x_wconf 89' lang='lat' dir='ltr'><strong>magnis</strong></span> <span class='ocrx_word' id='word_1_68' title='bbox 1226 1703 1328 1800; x_wconf 85' lang='lat' dir='ltr'><strong>gutia</strong></span> <span class='ocrx_word' id='word_1_69' title='bbox 1353 1703 1528 1800; x_wconf 85' lang='lat' dir='ltr'><strong>sagullis</strong></span> 
     </span>
     <span class='ocr_line' id='line_1_11' title="bbox 402 1826 1525 1932; baseline -0.007 -22"><span class='ocrx_word' id='word_1_70' title='bbox 402 1853 514 1932; x_wconf 87' lang='lat' dir='ltr'><strong>snper</strong></span> <span class='ocrx_word' id='word_1_71' title='bbox 531 1829 697 1906; x_wconf 90' lang='lat' dir='ltr'><strong>humeris</strong></span> <span class='ocrx_word' id='word_1_72' title='bbox 715 1827 905 1906; x_wconf 76' lang='lat' dir='ltr'><strong>vehebant</strong></span> <span class='ocrx_word' id='word_1_73' title='bbox 922 1827 1080 1924; x_wconf 85' lang='lat' dir='ltr'><strong>quilibet</strong></span> <span class='ocrx_word' id='word_1_74' title='bbox 1096 1826 1145 1902; x_wconf 94' lang='lat' dir='ltr'><strong>ad</strong></span> <span class='ocrx_word' id='word_1_75' title='bbox 1163 1826 1370 1926; x_wconf 90' lang='lat' dir='ltr'><strong>hospieium</strong></span> <span class='ocrx_word' id='word_1_76' title='bbox 1398 1850 1525 1906; x_wconf 90' lang='lat' dir='ltr'><strong>suum.</strong></span> 
     </span>
     <span class='ocr_line' id='line_1_12' title="bbox 400 1953 1525 2054; baseline -0.004 -18"><span class='ocrx_word' id='word_1_77' title='bbox 400 1957 452 2036; x_wconf 84' lang='lat' dir='ltr'><strong>ut</strong></span> <span class='ocrx_word' id='word_1_78' title='bbox 469 1955 683 2054; x_wconf 87' lang='lat' dir='ltr'><strong>gaudebant</strong></span> <span class='ocrx_word' id='word_1_79' title='bbox 701 1953 849 2032; x_wconf 92' lang='lat' dir='ltr'><strong>domino</strong></span> <span class='ocrx_word' id='word_1_80' title='bbox 868 1954 1132 2050; x_wconf 81' lang='lat' dir='ltr'><strong>gubernatori,</strong></span> <span class='ocrx_word' id='word_1_81' title='bbox 1153 1953 1253 2052; x_wconf 90' lang='lat' dir='ltr'><strong>quod</strong></span> <span class='ocrx_word' id='word_1_82' title='bbox 1280 1960 1356 2030; x_wconf 93' lang='lat' dir='ltr'><strong>tam</strong></span> <span class='ocrx_word' id='word_1_83' title='bbox 1383 1954 1525 2052; x_wconf 89' lang='lat' dir='ltr'><strong>largus</strong></span> 
     </span>
     <span class='ocr_line' id='line_1_13' title="bbox 401 2079 1524 2180; baseline -0.004 -17"><span class='ocrx_word' id='word_1_84' title='bbox 401 2090 515 2178; x_wconf 86' lang='lat' dir='ltr'><strong>esset,</strong></span> <span class='ocrx_word' id='word_1_85' title='bbox 527 2089 564 2158; x_wconf 92' lang='lat' dir='ltr'><strong>et</strong></span> <span class='ocrx_word' id='word_1_86' title='bbox 580 2081 665 2158; x_wconf 86' lang='lat' dir='ltr'><strong>Rex</strong></span> <span class='ocrx_word' id='word_1_87' title='bbox 684 2079 931 2160; x_wconf 85' lang='lat' dir='ltr'><strong>subaudiebat</strong></span> <span class='ocrx_word' id='word_1_88' title='bbox 950 2087 988 2156; x_wconf 88' lang='lat' dir='ltr'><strong>et</strong></span> <span class='ocrx_word' id='word_1_89' title='bbox 1004 2081 1142 2180; x_wconf 86' lang='lat' dir='ltr'><strong>partim</strong></span> <span class='ocrx_word' id='word_1_90' title='bbox 1162 2081 1399 2174; x_wconf 79' lang='lat' dir='ltr'><strong>tristabatur,</strong></span> <span class='ocrx_word' id='word_1_91' title='bbox 1410 2080 1524 2178; x_wconf 88' lang='lat' dir='ltr'><strong>qnid-</strong></span> 
     </span>
     <span class='ocr_line' id='line_1_14' title="bbox 401 2210 709 2288; baseline -0.023 0"><span class='ocrx_word' id='word_1_92' title='bbox 401 2233 487 2288; x_wconf 90' lang='lat' dir='ltr'><strong>nam</strong></span> <span class='ocrx_word' id='word_1_93' title='bbox 506 2210 578 2288; x_wconf 89' lang='lat' dir='ltr'><strong>hoo</strong></span> <span class='ocrx_word' id='word_1_94' title='bbox 597 2215 709 2286; x_wconf 83' lang='lat' dir='ltr'><strong>esset.</strong></span> 
     </span>
    </p>

    <p class='ocr_par' dir='ltr' id='par_1_5' title="bbox 384 2332 1526 3830">
     <span class='ocr_line' id='line_1_15' title="bbox 386 2332 1523 2432; baseline 0 -20"><span class='ocrx_word' id='word_1_95' title='bbox 386 2414 389 2424; x_wconf 64' lang='grc'>,</span> <span class='ocrx_word' id='word_1_96' title='bbox 507 2334 627 2432; x_wconf 87' lang='lat' dir='ltr'><strong>Super</strong></span> <span class='ocrx_word' id='word_1_97' title='bbox 645 2341 785 2412; x_wconf 88' lang='lat' dir='ltr'><strong>terram</strong></span> <span class='ocrx_word' id='word_1_98' title='bbox 804 2340 842 2410; x_wconf 90' lang='lat' dir='ltr'><strong>et</strong></span> <span class='ocrx_word' id='word_1_99' title='bbox 859 2356 971 2432; x_wconf 90' lang='lat' dir='ltr'><strong>super</strong></span> <span class='ocrx_word' id='word_1_100' title='bbox 990 2354 1126 2431; x_wconf 87' lang='lat' dir='ltr'><strong>aquam</strong></span> <span class='ocrx_word' id='word_1_101' title='bbox 1156 2332 1255 2410; x_wconf 87' lang='lat' dir='ltr'><strong>Ister</strong></span> <span class='ocrx_word' id='word_1_102' title='bbox 1283 2333 1400 2410; x_wconf 91' lang='lat' dir='ltr'><strong>mouit</strong></span> <span class='ocrx_word' id='word_1_103' title='bbox 1427 2357 1523 2432; x_wconf 90' lang='lat' dir='ltr'><strong>gen-</strong></span> 
     </span>
     <span class='ocr_line' id='line_1_16' title="bbox 400 2457 1526 2558; baseline 0 -18"><span class='ocrx_word' id='word_1_104' title='bbox 400 2472 474 2540; x_wconf 86' lang='lat' dir='ltr'><strong>tem</strong></span> <span class='ocrx_word' id='word_1_105' title='bbox 494 2484 601 2540; x_wconf 88' lang='lat' dir='ltr'><strong>suam</strong></span> <span class='ocrx_word' id='word_1_106' title='bbox 619 2462 689 2537; x_wconf 87' lang='lat' dir='ltr'><strong>sub</strong></span> <span class='ocrx_word' id='word_1_107' title='bbox 708 2481 832 2536; x_wconf 90' lang='lat' dir='ltr'><strong>areem</strong></span> <span class='ocrx_word' id='word_1_108' title='bbox 861 2457 1074 2556; x_wconf 87' lang='lat' dir='ltr'><strong>Strigonie,</strong></span> <span class='ocrx_word' id='word_1_109' title='bbox 1103 2461 1345 2558; x_wconf 89' lang='lat' dir='ltr'><strong>quamobrem</strong></span> <span class='ocrx_word' id='word_1_110' title='bbox 1373 2459 1526 2540; x_wconf 77' lang='lat' dir='ltr'><strong>Paulus</strong></span> 
     </span>
     <span class='ocr_line' id='line_1_17' title="bbox 400 2583 1524 2687; baseline -0.004 -19"><span class='ocrx_word' id='word_1_111' title='bbox 400 2589 535 2671; x_wconf 83' lang='lat' dir='ltr'><strong>Vurda</strong></span> <span class='ocrx_word' id='word_1_112' title='bbox 553 2589 750 2687; x_wconf 87' lang='lat' dir='ltr'><strong>episeopus</strong></span> <span class='ocrx_word' id='word_1_113' title='bbox 768 2585 980 2663; x_wconf 85' lang='lat' dir='ltr'><strong>adhesisset</strong></span> <span class='ocrx_word' id='word_1_114' title='bbox 997 2607 1043 2663; x_wconf 88' lang='lat' dir='ltr'><strong>ao</strong></span> <span class='ocrx_word' id='word_1_115' title='bbox 1061 2584 1220 2664; x_wconf 81' lang='lat' dir='ltr'><strong>fodisset</strong></span> <span class='ocrx_word' id='word_1_116' title='bbox 1238 2583 1465 2683; x_wconf 80' lang='lat' dir='ltr'><strong>Germanos,</strong></span> <span class='ocrx_word' id='word_1_117' title='bbox 1487 2597 1524 2666; x_wconf 88' lang='lat' dir='ltr'><strong>et</strong></span> 
     </span>
     <span class='ocr_line' id='line_1_18' title="bbox 400 2710 1522 2813; baseline -0.003 -20"><span class='ocrx_word' id='word_1_118' title='bbox 400 2715 620 2793; x_wconf 88' lang='lat' dir='ltr'><strong>moltooiens</strong></span> <span class='ocrx_word' id='word_1_119' title='bbox 638 2713 817 2813; x_wconf 84' lang='lat' dir='ltr'><strong>deeeptus</strong></span> <span class='ocrx_word' id='word_1_120' title='bbox 833 2711 969 2789; x_wconf 81' lang='lat' dir='ltr'><strong>luisset</strong></span> <span class='ocrx_word' id='word_1_121' title='bbox 986 2710 1070 2788; x_wconf 87' lang='lat' dir='ltr'><strong>Rex</strong></span> <span class='ocrx_word' id='word_1_122' title='bbox 1088 2713 1115 2790; x_wconf 86' lang='lat' dir='ltr'><strong>J</strong></span> <span class='ocrx_word' id='word_1_123' title='bbox 1117 2735 1270 2790; x_wconf 88' lang='lat' dir='ltr'><strong>oannes.</strong></span> <span class='ocrx_word' id='word_1_124' title='bbox 1300 2713 1351 2788; x_wconf 82' lang='lat' dir='ltr'><strong>Et</strong></span> <span class='ocrx_word' id='word_1_125' title='bbox 1369 2715 1522 2792; x_wconf 87' lang='lat' dir='ltr'><strong>obsedit</strong></span> 
     </span>
     <span class='ocr_line' id='line_1_19' title="bbox 400 2838 1520 2940; baseline -0.002 -20"><span class='ocrx_word' id='word_1_126' title='bbox 400 2845 439 2920; x_wconf 91' lang='lat' dir='ltr'><strong>in</strong></span> <span class='ocrx_word' id='word_1_127' title='bbox 457 2842 591 2940; x_wconf 82' lang='lat' dir='ltr'><strong>vigilia</strong></span> <span class='ocrx_word' id='word_1_128' title='bbox 609 2839 809 2917; x_wconf 89' lang='lat' dir='ltr'><strong>Laurenoii</strong></span> <span class='ocrx_word' id='word_1_129' title='bbox 829 2839 996 2916; x_wconf 87' lang='lat' dir='ltr'><strong>martiris</strong></span> <span class='ocrx_word' id='word_1_130' title='bbox 1014 2839 1148 2917; x_wconf 92' lang='lat' dir='ltr'><strong>deorso</strong></span> <span class='ocrx_word' id='word_1_131' title='bbox 1168 2838 1289 2917; x_wconf 81' lang='lat' dir='ltr'><strong>Cesar</strong></span> <span class='ocrx_word' id='word_1_132' title='bbox 1308 2839 1520 2918; x_wconf 84' lang='lat' dir='ltr'><strong>Turoarum</strong></span> 
     </span>
     <span class='ocr_line' id='line_1_20' title="bbox 401 2963 1523 3066; baseline 0 -20"><span class='ocrx_word' id='word_1_133' title='bbox 401 2966 609 3064; x_wconf 86' lang='lat' dir='ltr'><strong>Viennam,</strong></span> <span class='ocrx_word' id='word_1_134' title='bbox 647 2968 693 3043; x_wconf 89' lang='lat' dir='ltr'><strong>de</strong></span> <span class='ocrx_word' id='word_1_135' title='bbox 729 2989 858 3044; x_wconf 89' lang='lat' dir='ltr'><strong>seorso</strong></span> <span class='ocrx_word' id='word_1_136' title='bbox 891 2965 1105 3044; x_wconf 87' lang='lat' dir='ltr'><strong>Ludouious</strong></span> <span class='ocrx_word' id='word_1_137' title='bbox 1143 2963 1259 3044; x_wconf 81' lang='lat' dir='ltr'><strong>Gritti</strong></span> <span class='ocrx_word' id='word_1_138' title='bbox 1289 2965 1523 3066; x_wconf 78' lang='lat' dir='ltr'><strong>strigoniam</strong></span> 
     </span>
     <span class='ocr_line' id='line_1_21' title="bbox 399 3093 1519 3195; baseline -0.005 -16"><span class='ocrx_word' id='word_1_139' title='bbox 399 3121 481 3178; x_wconf 89' lang='lat' dir='ltr'><strong>eum</strong></span> <span class='ocrx_word' id='word_1_140' title='bbox 499 3095 679 3195; x_wconf 81' lang='lat' dir='ltr'><strong>predictis</strong></span> <span class='ocrx_word' id='word_1_141' title='bbox 697 3093 813 3170; x_wconf 83' lang='lat' dir='ltr'><strong>variis</strong></span> <span class='ocrx_word' id='word_1_142' title='bbox 836 3093 1023 3191; x_wconf 85' lang='lat' dir='ltr'><strong>gentibue.</strong></span> <span class='ocrx_word' id='word_1_143' title='bbox 1045 3093 1097 3168; x_wconf 84' lang='lat' dir='ltr'><strong>Et</strong></span> <span class='ocrx_word' id='word_1_144' title='bbox 1115 3099 1198 3170; x_wconf 87' lang='lat' dir='ltr'><strong>erat</strong></span> <span class='ocrx_word' id='word_1_145' title='bbox 1225 3117 1364 3190; x_wconf 85' lang='lat' dir='ltr'><strong>magna</strong></span> <span class='ocrx_word' id='word_1_146' title='bbox 1391 3097 1519 3174; x_wconf 90' lang='lat' dir='ltr'><strong>multi·</strong></span> 
     </span>
     <span class='ocr_line' id='line_1_22' title="bbox 399 3219 1518 3317; baseline -0.001 -16"><span class='ocrx_word' id='word_1_147' title='bbox 399 3223 489 3302; x_wconf 91' lang='lat' dir='ltr'><strong>tudo</strong></span> <span class='ocrx_word' id='word_1_148' title='bbox 510 3245 593 3301; x_wconf 88' lang='lat' dir='ltr'><strong>oum</strong></span> <span class='ocrx_word' id='word_1_149' title='bbox 612 3244 677 3316; x_wconf 94' lang='lat' dir='ltr'><strong>eo,</strong></span> <span class='ocrx_word' id='word_1_150' title='bbox 698 3227 736 3296; x_wconf 88' lang='lat' dir='ltr'><strong>et</strong></span> <span class='ocrx_word' id='word_1_151' title='bbox 754 3219 883 3298; x_wconf 85' lang='lat' dir='ltr'><strong>narina</strong></span> <span class='ocrx_word' id='word_1_152' title='bbox 911 3221 1029 3299; x_wconf 89' lang='lat' dir='ltr'><strong>multa</strong></span> <span class='ocrx_word' id='word_1_153' title='bbox 1055 3225 1239 3298; x_wconf 85' lang='lat' dir='ltr'><strong>steterant</strong></span> <span class='ocrx_word' id='word_1_154' title='bbox 1267 3243 1404 3317; x_wconf 81' lang='lat' dir='ltr'><strong>magua</strong></span> <span class='ocrx_word' id='word_1_155' title='bbox 1432 3245 1518 3300; x_wconf 89' lang='lat' dir='ltr'><strong>eum</strong></span> 
     </span>
     <span class='ocr_line' id='line_1_23' title="bbox 397 3345 1513 3450; baseline 0 -24"><span class='ocrx_word' id='word_1_156' title='bbox 397 3351 494 3428; x_wconf 84' lang='lat' dir='ltr'><strong>velis</strong></span> <span class='ocrx_word' id='word_1_157' title='bbox 507 3353 618 3450; x_wconf 86' lang='lat' dir='ltr'><strong>juxta</strong></span> <span class='ocrx_word' id='word_1_158' title='bbox 636 3348 782 3447; x_wconf 85' lang='lat' dir='ltr'><strong>rippam</strong></span> <span class='ocrx_word' id='word_1_159' title='bbox 802 3346 867 3424; x_wconf 90' lang='lat' dir='ltr'><strong>dui</strong></span> <span class='ocrx_word' id='word_1_160' title='bbox 887 3347 985 3424; x_wconf 91' lang='lat' dir='ltr'><strong>Ister</strong></span> <span class='ocrx_word' id='word_1_161' title='bbox 1003 3371 1051 3424; x_wconf 85' lang='lat' dir='ltr'><strong>ex</strong></span> <span class='ocrx_word' id='word_1_162' title='bbox 1071 3354 1179 3450; x_wconf 91' lang='lat' dir='ltr'><strong>parte</strong></span> <span class='ocrx_word' id='word_1_163' title='bbox 1199 3346 1364 3424; x_wconf 88' lang='lat' dir='ltr'><strong>Buden..</strong></span> <span class='ocrx_word' id='word_1_164' title='bbox 1386 3345 1513 3442; x_wconf 82' lang='lat' dir='ltr'><strong>Quum</strong></span> 
     </span>
     <span class='ocr_line' id='line_1_24' title="bbox 384 3467 1522 3575; baseline -0.003 -18"><span class='ocrx_word' id='word_1_165' title='bbox 384 3467 612 3558; x_wconf 58' lang='lat' dir='ltr'><strong>‘audiuimus</strong></span> <span class='ocrx_word' id='word_1_166' title='bbox 648 3475 869 3554; x_wconf 76' lang='lat' dir='ltr'><strong>secundario</strong></span> <span class='ocrx_word' id='word_1_167' title='bbox 901 3479 979 3575; x_wconf 91' lang='lat' dir='ltr'><strong>jam</strong></span> <span class='ocrx_word' id='word_1_168' title='bbox 1018 3474 1197 3552; x_wconf 82' lang='lat' dir='ltr'><strong>Oesarem</strong></span> <span class='ocrx_word' id='word_1_169' title='bbox 1233 3475 1367 3552; x_wconf 87' lang='lat' dir='ltr'><strong>Zoltau</strong></span> <span class='ocrx_word' id='word_1_170' title='bbox 1396 3475 1522 3554; x_wconf 88' lang='lat' dir='ltr'><strong>Zelim</strong></span> 
     </span>
     <span class='ocr_line' id='line_1_25' title="bbox 399 3599 1521 3699; baseline -0.001 -16"><span class='ocrx_word' id='word_1_171' title='bbox 399 3606 571 3686; x_wconf 87' lang='lat' dir='ltr'><strong>delusum</strong></span> <span class='ocrx_word' id='word_1_172' title='bbox 585 3603 701 3681; x_wconf 87' lang='lat' dir='ltr'><strong>luisse</strong></span> <span class='ocrx_word' id='word_1_173' title='bbox 719 3605 789 3680; x_wconf 87' lang='lat' dir='ltr'><strong>sub</strong></span> <span class='ocrx_word' id='word_1_174' title='bbox 807 3603 979 3695; x_wconf 86' lang='lat' dir='ltr'><strong>Vienna,</strong></span> <span class='ocrx_word' id='word_1_175' title='bbox 999 3609 1038 3677; x_wconf 92' lang='lat' dir='ltr'><strong>et</strong></span> <span class='ocrx_word' id='word_1_176' title='bbox 1055 3603 1183 3699; x_wconf 81' lang='lat' dir='ltr'><strong>fugam</strong></span> <span class='ocrx_word' id='word_1_177' title='bbox 1202 3599 1393 3680; x_wconf 83' lang='lat' dir='ltr'><strong>dedissent</strong></span> <span class='ocrx_word' id='word_1_178' title='bbox 1419 3601 1521 3682; x_wconf 81' lang='lat' dir='ltr'><strong>infra</strong></span> 
     </span>
     <span class='ocr_line' id='line_1_26' title="bbox 401 3732 777 3830; baseline -0.011 -20"><span class='ocrx_word' id='word_1_179' title='bbox 401 3735 449 3810; x_wconf 82' lang='lat' dir='ltr'><strong>ad</strong></span> <span class='ocrx_word' id='word_1_180' title='bbox 468 3732 641 3830; x_wconf 88' lang='lat' dir='ltr'><strong>Regnum</strong></span> <span class='ocrx_word' id='word_1_181' title='bbox 659 3752 777 3807; x_wconf 90' lang='lat' dir='ltr'><strong>suum.</strong></span> 
     </span>
    </p>

    <p class='ocr_par' dir='ltr' id='par_1_6' title="bbox 398 3853 1521 4842">
     <span class='ocr_line' id='line_1_27' title="bbox 505 3853 1520 3952; baseline -0.002 -18"><span class='ocrx_word' id='word_1_182' title='bbox 505 3856 756 3952; x_wconf 81' lang='lat' dir='ltr'><strong>Quamobrem</strong></span> <span class='ocrx_word' id='word_1_183' title='bbox 776 3863 961 3933; x_wconf 79' lang='lat' dir='ltr'><strong>castorem</strong></span> <span class='ocrx_word' id='word_1_184' title='bbox 980 3876 1085 3932; x_wconf 88' lang='lat' dir='ltr'><strong>suum</strong></span> <span class='ocrx_word' id='word_1_185' title='bbox 1105 3855 1201 3928; x_wconf 88' lang='lat' dir='ltr'><strong>iuter</strong></span> <span class='ocrx_word' id='word_1_186' title='bbox 1232 3853 1424 3948; x_wconf 82' lang='lat' dir='ltr'><strong>Fortolreu</strong></span> <span class='ocrx_word' id='word_1_187' title='bbox 1455 3855 1520 3933; x_wconf 94' lang='lat' dir='ltr'><strong>de·</strong></span> 
     </span>
     <span class='ocr_line' id='line_1_28' title="bbox 400 3979 1519 4076; baseline -0.003 -15"><span class='ocrx_word' id='word_1_188' title='bbox 400 3984 578 4062; x_wconf 88' lang='lat' dir='ltr'><strong>soendere</strong></span> <span class='ocrx_word' id='word_1_189' title='bbox 597 3982 760 4060; x_wconf 82' lang='lat' dir='ltr'><strong>ferisset.</strong></span> <span class='ocrx_word' id='word_1_190' title='bbox 782 3982 933 4057; x_wconf 83' lang='lat' dir='ltr'><strong>Extune</strong></span> <span class='ocrx_word' id='word_1_191' title='bbox 959 3988 1038 4057; x_wconf 92' lang='lat' dir='ltr'><strong>tota</strong></span> <span class='ocrx_word' id='word_1_192' title='bbox 1064 4001 1158 4076; x_wconf 91' lang='lat' dir='ltr'><strong>gens</strong></span> <span class='ocrx_word' id='word_1_193' title='bbox 1186 3979 1442 4058; x_wconf 87' lang='lat' dir='ltr'><strong>moriabantur</strong></span> <span class='ocrx_word' id='word_1_194' title='bbox 1471 3983 1519 4058; x_wconf 90' lang='lat' dir='ltr'><strong>de</strong></span> 
     </span>
     <span class='ocr_line' id='line_1_29' title="bbox 398 4105 1520 4209; baseline -0.002 -23"><span class='ocrx_word' id='word_1_195' title='bbox 398 4109 543 4209; x_wconf 84' lang='lat' dir='ltr'><strong>grande</strong></span> <span class='ocrx_word' id='word_1_196' title='bbox 571 4109 736 4203; x_wconf 80' lang='lat' dir='ltr'><strong>familia,</strong></span> <span class='ocrx_word' id='word_1_197' title='bbox 767 4115 804 4184; x_wconf 88' lang='lat' dir='ltr'><strong>et</strong></span> <span class='ocrx_word' id='word_1_198' title='bbox 829 4108 880 4184; x_wconf 91' lang='lat' dir='ltr'><strong>ibi</strong></span> <span class='ocrx_word' id='word_1_199' title='bbox 909 4107 1062 4204; x_wconf 88' lang='lat' dir='ltr'><strong>ingenia</strong></span> <span class='ocrx_word' id='word_1_200' title='bbox 1089 4127 1160 4182; x_wconf 89' lang='lat' dir='ltr'><strong>sua</strong></span> <span class='ocrx_word' id='word_1_201' title='bbox 1188 4105 1305 4182; x_wconf 88' lang='lat' dir='ltr'><strong>multa</strong></span> <span class='ocrx_word' id='word_1_202' title='bbox 1323 4108 1394 4182; x_wconf 92' lang='lat' dir='ltr'><strong>suh</strong></span> <span class='ocrx_word' id='word_1_203' title='bbox 1413 4115 1520 4186; x_wconf 84' lang='lat' dir='ltr'><strong>terra</strong></span> 
     </span>
     <span class='ocr_line' id='line_1_30' title="bbox 399 4233 1521 4332; baseline -0.004 -18"><span class='ocrx_word' id='word_1_204' title='bbox 399 4237 527 4316; x_wconf 80' lang='lat' dir='ltr'><strong>fodere</strong></span> <span class='ocrx_word' id='word_1_205' title='bbox 563 4237 724 4332; x_wconf 79' lang='lat' dir='ltr'><strong>lecerat,</strong></span> <span class='ocrx_word' id='word_1_206' title='bbox 763 4243 800 4311; x_wconf 89' lang='lat' dir='ltr'><strong>et</strong></span> <span class='ocrx_word' id='word_1_207' title='bbox 826 4243 907 4312; x_wconf 92' lang='lat' dir='ltr'><strong>tota</strong></span> <span class='ocrx_word' id='word_1_208' title='bbox 933 4233 1096 4310; x_wconf 87' lang='lat' dir='ltr'><strong>tentoria</strong></span> <span class='ocrx_word' id='word_1_209' title='bbox 1124 4255 1276 4310; x_wconf 88' lang='lat' dir='ltr'><strong>suarum</strong></span> <span class='ocrx_word' id='word_1_210' title='bbox 1304 4233 1356 4308; x_wconf 91' lang='lat' dir='ltr'><strong>ibi</strong></span> <span class='ocrx_word' id='word_1_211' title='bbox 1395 4235 1521 4312; x_wconf 87' lang='lat' dir='ltr'><strong>relicti</strong></span> 
     </span>
     <span class='ocr_line' id='line_1_31' title="bbox 402 4357 1520 4458; baseline -0.004 -16"><span class='ocrx_word' id='word_1_212' title='bbox 402 4371 600 4443; x_wconf 86' lang='lat' dir='ltr'><strong>erautuum</strong></span> <span class='ocrx_word' id='word_1_213' title='bbox 618 4362 801 4442; x_wconf 86' lang='lat' dir='ltr'><strong>hastibus.</strong></span> <span class='ocrx_word' id='word_1_214' title='bbox 824 4361 875 4438; x_wconf 87' lang='lat' dir='ltr'><strong>Et</strong></span> <span class='ocrx_word' id='word_1_215' title='bbox 893 4359 1074 4440; x_wconf 78' lang='lat' dir='ltr'><strong>Germani</strong></span> <span class='ocrx_word' id='word_1_216' title='bbox 1094 4383 1167 4436; x_wconf 90' lang='lat' dir='ltr'><strong>non</strong></span> <span class='ocrx_word' id='word_1_217' title='bbox 1179 4357 1520 4458; x_wconf 82' lang='lat' dir='ltr'><strong>eredebantlugam</strong></span> 
     </span>
     <span class='ocr_line' id='line_1_32' title="bbox 399 4483 1520 4590; baseline -0.002 -24"><span class='ocrx_word' id='word_1_218' title='bbox 399 4490 546 4568; x_wconf 85' lang='lat' dir='ltr'><strong>dedisse</strong></span> <span class='ocrx_word' id='word_1_219' title='bbox 567 4487 719 4568; x_wconf 80' lang='lat' dir='ltr'><strong>Cesaris</strong></span> <span class='ocrx_word' id='word_1_220' title='bbox 739 4483 1037 4590; x_wconf 57' lang='lat' dir='ltr'><strong>Turearum3⁰⁰d</strong></span> <span class='ocrx_word' id='word_1_221' title='bbox 1053 4483 1283 4562; x_wconf 89' lang='lat' dir='ltr'><strong>solummodo</strong></span> <span class='ocrx_word' id='word_1_222' title='bbox 1304 4483 1520 4564; x_wconf 90' lang='lat' dir='ltr'><strong>vnnsHun-</strong></span> 
     </span>
     <span class='ocr_line' id='line_1_33' title="bbox 399 4612 1519 4716; baseline -0.003 -22"><span class='ocrx_word' id='word_1_223' title='bbox 399 4637 514 4716; x_wconf 85' lang='lat' dir='ltr'><strong>garns</strong></span> <span class='ocrx_word' id='word_1_224' title='bbox 535 4615 668 4690; x_wconf 79' lang='lat' dir='ltr'><strong>¹buzar</strong></span> <span class='ocrx_word' id='word_1_225' title='bbox 696 4615 875 4714; x_wconf 87' lang='lat' dir='ltr'><strong>equitanit</strong></span> <span class='ocrx_word' id='word_1_226' title='bbox 905 4613 1077 4690; x_wconf 78' lang='lat' dir='ltr'><strong>celeriter</strong></span> <span class='ocrx_word' id='word_1_227' title='bbox 1106 4612 1303 4687; x_wconf 85' lang='lat' dir='ltr'><strong>aduersum</strong></span> <span class='ocrx_word' id='word_1_228' title='bbox 1333 4619 1519 4690; x_wconf 76' lang='lat' dir='ltr'><strong>castorem</strong></span> 
     </span>
     <span class='ocr_line' id='line_1_34' title="bbox 399 4736 1520 4842; baseline -0.001 -24"><span class='ocrx_word' id='word_1_229' title='bbox 399 4740 673 4840; x_wconf 87' lang='lat' dir='ltr'><strong>Hungarornm.</strong></span> <span class='ocrx_word' id='word_1_230' title='bbox 698 4744 746 4818; x_wconf 75' lang='lat' dir='ltr'><strong>lit</strong></span> <span class='ocrx_word' id='word_1_231' title='bbox 765 4749 976 4842; x_wconf 82' lang='lat' dir='ltr'><strong>respectum</strong></span> <span class='ocrx_word' id='word_1_232' title='bbox 996 4738 1128 4816; x_wconf 88' lang='lat' dir='ltr'><strong>babuit</strong></span> <span class='ocrx_word' id='word_1_233' title='bbox 1146 4762 1169 4814; x_wconf 89' lang='lat' dir='ltr'><strong>a</strong></span> <span class='ocrx_word' id='word_1_234' title='bbox 1190 4736 1407 4835; x_wconf 82' lang='lat' dir='ltr'><strong>Germanis,</strong></span> <span class='ocrx_word' id='word_1_235' title='bbox 1420 4743 1520 4840; x_wconf 91' lang='lat' dir='ltr'><strong>qnod</strong></span> 
     </span>
    </p>
   </div>
   <div class='ocr_carea' id='block_1_5' title="bbox 0 0 1624 5228">
    <p class='ocr_par' dir='ltr' id='par_1_7' title="bbox 0 0 1624 5228">
     <span class='ocr_line' id='line_1_35' title="bbox 0 0 1624 5228; baseline 0 2"><span class='ocrx_word' id='word_1_236' title='bbox 0 0 1624 5228; x_wconf 95' lang='lat' dir='ltr'><strong> </strong></span> 
     </span>
    </p>
   </div>
  </div>
 </body>
</html>
