3226 5220
422 476 501 560 170

421 702 504 758 cum
515 702 559 756 eo
571 679 696 756 album
715 678 906 756 vexillum.
926 679 1023 757 Erat
1041 679 1347 783 eodemtempore
1364 683 1541 763 Andreas

422 807 525 884 Zuch
550 829 665 883 senex
689 829 787 882 anno
814 804 938 902 15273
966 815 1003 882 et
1028 807 1067 884 in
1093 809 1189 886 testo
1217 809 1260 886 B.
1286 811 1422 891 Jacobi
1446 837 1539 913 apo·

421 935 509 1012 stoli
527 941 613 1033 post
631 941 814 1010 maturum
833 941 870 1008 et
889 942 976 1010 ante
995 957 1175 1012 summam
1194 938 1358 1016 missam.
1385 939 1541 1018 Etcum

421 1063 477 1138 eis
495 1060 693 1136 multitudo
711 1061 842 1158 populi
861 1059 1054 1137 ciuitatum
1073 1063 1273 1139 currebant
1282 1068 1392 1164 juxta
1401 1065 1541 1144 vadum

421 1187 532 1266 Ister.
560 1189 611 1264 Et
630 1188 713 1264 Rex
733 1189 931 1286 apodiatus
951 1197 1033 1266 erat
1051 1212 1119 1289 per
1138 1191 1342 1270 fenestram
1361 1201 1398 1272 et
1416 1197 1540 1296 respi-

420 1319 543 1414 oebat,
563 1323 601 1393 et
619 1340 688 1393 nos
707 1339 842 1394 vocare
861 1318 966 1414 fecit,
994 1319 1059 1417 qui
1079 1341 1227 1398 eramus
1246 1331 1329 1397 cnm
1347 1345 1392 1399 eo
1411 1323 1540 1400 aulid.

421 1444 472 1520 Et
499 1445 580 1544 ipse
607 1444 840 1540 interrogare
868 1447 987 1544 cepit,
1027 1445 1202 1543 quidnam
1229 1447 1302 1526 hoc
1330 1447 1461 1527 esset?
1490 1451 1543 1525 Et

421 1570 581 1648 diximus
601 1598 610 1646 :
634 1570 759 1668 ,Vere
777 1572 885 1672 quasi
904 1572 1116 1650 defunctum
1136 1575 1349 1650 ducerent.“

527 1699 579 1773 Et
597 1703 794 1794 antequam
806 1719 887 1773 cum
904 1698 1075 1777 dominns
1095 1698 1291 1778 Emericns
1310 1699 1435 1778 Cibalr
1453 1724 1541 1802 per·

421 1831 589 1902 cesserat
608 1823 755 1920 nigrum
773 1824 972 1922 hominem,
993 1833 1031 1902 et
1048 1827 1316 1922 gratulabatur
1326 1825 1422 1924 Rex,
1443 1828 1543 1905 sient

421 1953 583 2052 scriptus
602 1956 670 2042 est,
690 1972 761 2048 ego
781 1951 829 2027 ad
847 1959 987 2029 sortem
1007 1960 1044 2028 et
1063 1954 1171 2050 qnasi
1190 1955 1396 2053 perfectum
1414 1955 1539 2048 fuerit,

421 2080 589 2156 dicebam
614 2077 798 2156 culicibus
824 2105 833 2152 ε
863 2078 986 2176 „Vere
1018 2103 1089 2177 ego
1118 2080 1267 2176 andim,
1297 2080 1395 2178 qnod
1420 2088 1459 2158 et
1485 2081 1540 2156 ni·

421 2229 528 2318 grum
553 2207 741 2284 hominem
768 2207 1070 2284 interfecerunt.“
1106 2209 1229 2306 ,Eas,
1259 2207 1406 2284 domine
1432 2217 1542 2308 pater

424 2333 584 2431 Georgi,
611 2334 670 2411 dic
693 2333 827 2430 Regi.“
857 2333 955 2410 Dum
974 2335 1184 2434 prandebat
1202 2335 1302 2434 Rex,
1328 2337 1476 2414 cucurri
1495 2335 1542 2412 ad

421 2461 565 2558 Regem
584 2469 622 2535 ct
641 2461 741 2536 dixi:
767 2460 950 2558 „Domine
969 2460 1066 2559 Rex,
1085 2485 1174 2539 vere
1194 2485 1264 2561 ego
1285 2463 1422 2560 audini,
1442 2461 1542 2562 quod

421 2587 520 2684 nigri
547 2585 709 2664 hominis
736 2587 908 2686 priuatus
933 2595 990 2665 est
1008 2612 1032 2663 a
1051 2589 1174 2688 eapite
1193 2589 1298 2666 sna.“
1330 2587 1543 2686 Gregorius

422 2715 595 2816 Pistieny
612 2715 837 2793 relacionem
866 2715 970 2812 lecit,
1000 2716 1098 2814 quod
1116 2739 1186 2813 ego
1206 2717 1245 2792 in
1263 2717 1404 2794 somnis
1420 2716 1538 2792 vidis·

421 2865 512 2919 sem.
542 2843 593 2918 Et
620 2844 834 2943 persecucio
863 2843 955 2918 belli
984 2842 1083 2938 nigri
1111 2842 1273 2920 bominis
1302 2849 1383 2920 erat
1410 2845 1450 2919 in
1480 2843 1539 2918 die

423 2969 557 3046 diuisio
577 2970 841 3069 apostolorum.

534 3095 585 3170 Et
604 3093 760 3194 posthoc
780 3094 1013 3170 intrauerunt
1031 3093 1079 3168 ad
1099 3116 1224 3170 arcem
1246 3092 1456 3171 Budensem
1474 3091 1542 3172 illa

424 3228 595 3317 caterua,
632 3243 704 3320 que
734 3221 942 3320 apparebat
968 3220 1128 3297 visionis
1156 3219 1277 3316 Regio
1313 3221 1541 3320 Majestatis.

423 3350 610 3428 Dominus
630 3346 863 3426 Gottbardns
882 3355 963 3423 erat
982 3348 1111 3424 eodem
1128 3355 1295 3447 tempore
1313 3347 1542 3424 castellanus

422 3499 509 3554 arce
529 3477 707 3554 Budensi.
728 3475 883 3553 Interim
902 3477 1111 3554 intrauerat
1120 3477 1168 3552 ad
1178 3475 1334 3573 Regem,
1355 3475 1544 3554 submissa

421 3606 537 3683 verba
566 3605 701 3702 aliquit
727 3603 869 3680 intullit
901 3604 985 3680 sibi.
1026 3604 1176 3680 Extunc
1203 3605 1438 3681 intrauerunt
1463 3611 1541 3679 tum

419 3732 535 3831 judex
554 3732 773 3828 Pestiensis,
795 3734 891 3810 siout
910 3733 1091 3830 scriptum
1111 3739 1180 3828 est,
1201 3733 1432 3808 obtullerunt
1451 3755 1541 3830 ergo

424 3859 564 3940 Joanni
584 3858 687 3938 Char
705 3865 818 3957 capnt
832 3859 871 3934 iu
886 3858 1058 3958 pelliuim
1078 3881 1203 3936 ereum
1223 3859 1339 3958 cupri.
1361 3858 1413 3934 Et
1430 3867 1542 3958 capnt

425 3994 506 4064 erat
524 3987 699 4086 perfusus
718 4008 801 4062 oum
820 3993 943 4080 coeto,
964 3985 1233 4084 quodpropter
1251 3992 1412 4062 estatem
1431 3991 1544 4085 caput

424 4139 471 4192 ne
492 4115 664 4190 ollattnm
691 4112 859 4190 haberet.
890 4113 941 4188 Et
964 4113 1077 4211 ceput
1103 4121 1184 4188 erat
1208 4113 1308 4210 nigri
1334 4111 1473 4190 coloris
1493 4113 1542 4189 si·

425 4249 486 4316 cut
504 4241 715 4316 famabatur
733 4239 773 4314 in
790 4240 999 4338 pristinum.
1026 4239 1078 4314 Et
1095 4239 1180 4316 Rex
1199 4239 1363 4317 habebat
1378 4241 1418 4314 in
1433 4260 1543 4316 mann

423 4391 535 4444 vnum
564 4367 762 4463 scuticam,
789 4375 826 4444 et
852 4367 1094 4466 percuciebat
1121 4366 1305 4443 dicendo:
1338 4363 1396 4464 „0
1423 4373 1464 4441 tu
1484 4389 1542 4442 ca·

423 4503 491 4598 put
517 4493 790 4595 presumende!
817 4496 881 4592 qui
911 4517 970 4571 me
996 4493 1201 4572 terrebaris
1230 4517 1318 4572 ceco
1345 4491 1538 4593 occipite.“

425 4623 512 4702 Rex
530 4623 708 4725 precepit,
728 4621 794 4700 sed
812 4623 852 4699 in
869 4621 1026 4723 prandio
1038 4623 1085 4699 ad
1104 4633 1272 4700 mensam
1286 4623 1397 4721 juxta
1415 4645 1457 4698 se
1475 4646 1542 4720 po·

431 4749 517 4846 snit,
539 4747 638 4848 quod
655 4749 870 4828 comedebat
887 4759 924 4826 et
940 4749 1094 4828 bibebat
1111 4749 1196 4828 Rex
1214 4771 1362 4850 semper
1377 4748 1541 4827 dicebat:
