3238 5228
404 458 485 582 255²

403 668 512 737 teneo
540 680 624 735 enm
650 657 856 736 'Parcarum
894 656 1071 736 deseret
1110 657 1161 756 Et
1196 657 1267 736 hee
1302 659 1422 737 verba
1451 680 1524 755 ego

403 769 608 864 audiebam.
902 769 906 775 ’

407 891 426 950 ·.
508 913 558 988 Et
576 913 721 989 interim
740 918 923 991 venerunt
940 933 1058 990 naues
1076 909 1525 1013 Cesarispoatdoannem

402 1039 546 1138 Regem
564 1038 612 1116 ad
626 1043 737 1138 juxta
754 1039 900 1139 rippam
919 1037 1017 1116 Ister
1036 1039 1112 1136 flui,
1133 1047 1171 1115 et
1187 1039 1240 1118 ibi
1258 1040 1524 1118 transfretani-

398 1187 581 1244 museum
600 1165 707 1264 Rege
726 1165 891 1262 donnae,
913 1173 950 1242 et
967 1166 1005 1241 in
1023 1164 1269 1244 thabernnela
1287 1167 1441 1260 dimisit,
1464 1167 1525 1244 Ae

401 1293 514 1390 elegit
550 1314 662 1368 vnum
689 1291 842 1368 militem
870 1293 976 1392 quani
1005 1289 1247 1370 Benedictum
1276 1293 1398 1370 Zekel
1429 1303 1520 1370 ante

327 1409 331 1418 ’
399 1445 481 1516 eos,
502 1426 543 1494 vt
559 1418 679 1520 ipsum
697 1419 875 1496 audirent.
896 1419 946 1495 Et
964 1429 1046 1498 erat
1063 1420 1222 1518 optimus
1244 1421 1303 1497 vir
1321 1422 1515 1515 famosum

401 1530 466 1626 eed
484 1571 640 1647 eumque
658 1556 743 1648 poet
760 1549 958 1626 decessum
976 1547 1188 1627 Sebastiani
1207 1548 1420 1650 Abbranffy
1434 1555 1523 1650 post

399 1659 593 1778 deffectum
630 1677 783 1754 neminie
819 1676 900 1754 auia
928 1683 966 1752 et
996 1699 1148 1754 vxorem
1176 1661 1452 1776 dependisset,
1483 1684 1522 1751 et

397 1803 668 1903 possessionem
688 1802 984 1880 eeclesiasticam
1003 1802 1144 1902 incepit
1160 1804 1236 1900 vti3
1261 1827 1345 1880 mox
1372 1803 1520 1879 eorrnit

397 1931 436 2006 in
454 1953 607 2038 corpore
626 1952 694 2006 auo
714 1936 752 2004 et
770 1928 925 2007 elandne
944 1931 1052 2028 qnasi
1071 1930 1205 2030 etipex.
1227 1928 1328 2023 Quia
1346 1929 1412 2027 qni
1433 1937 1518 2006 erat

396 2035 507 2134 lieres
525 2057 704 2134 Nieolaua
732 2055 915 2156 Abranffy
942 2057 981 2131 in
1009 2055 1197 2154 Strigonie
1224 2055 1453 2134 mirabiliter
1481 2065 1520 2129 et

395 2165 579 2260 horrende
602 2185 821 2260 exalanerat
848 2183 894 2258 de
921 2184 1075 2279 mund03
1104 2190 1142 2258 et
1169 2207 1238 2281 ege
1264 2185 1304 2262 in
1330 2182 1518 2283 spalterin

394 2311 585 2408 paalebam
613 2333 682 2409 pro
710 2310 835 2385 anima
861 2309 982 2408 ipsine
1008 2332 1090 2386 eum
1118 2316 1278 2407 quatuor
1305 2311 1515 2388 saeerdoti·

393 2439 473 2514 bus.
494 2437 544 2514 Et
562 2437 607 2524 de
626 2437 709 2536 ipae
727 2435 946 2513 videbamus
965 2437 1090 2532 multi,
1112 2436 1207 2533 qnod
1226 2437 1264 2512 in
1284 2437 1420 2535 agonia
1440 2461 1516 2514 sna

392 2545 534 2642 ¹visione
571 2565 801 2664 expergebat
838 2586 985 2642 sursum
1013 2563 1183 2640 delente
1212 2563 1443 2662 egritudine,
1477 2575 1515 2640 et

393 2693 567 2792 rapiebat
603 2691 788 2790 clippeum
827 2714 932 2769 suum
970 2692 1008 2766 in
1046 2690 1234 2787 manibne3
1272 2697 1310 2766 et
1335 2691 1512 2768 dicebat:

395 2821 516 2918 „Eece
543 2821 697 2897 veniunt
723 2819 884 2898 hostes.“
913 2815 1004 2922 llll·
1043 2819 1176 2918 Itaque
1204 2819 1311 2896 multi
1338 2826 1513 2896 aetantes

390 2933 518 3046 lugam
536 2947 677 3025 dabant
694 2948 740 3024 de
758 2946 943 3024 horrenda
967 2955 1084 3024 morte
1102 2969 1182 3024 sua.
1212 2946 1274 3022 Me
1293 2947 1510 3044 interroga·

391 3078 499 3164 bant,
528 3082 757 3174 quapropter
781 3073 833 3150 ibi
861 3096 975 3172 super
1001 3072 1220 3172 psalterium
1248 3096 1399 3150 eanen..
1420 3073 1509 3170 Ego

391 3202 468 3278 dixi
499 3230 507 3276 :
538 3201 622 3300 „Ita
651 3201 827 3302 quilibet,
859 3201 922 3298 qui
950 3223 1024 3277 non
1051 3200 1139 3277 colit
1165 3199 1439 3278 ecclesiastieae
1470 3209 1509 3276 et

389 3353 457 3427 per
475 3329 642 3426 rapinam
669 3328 794 3404 fruere
822 3329 888 3404 wlt
914 3327 1185 3426 possessionem
1209 3327 1506 3406 ecelesiasticam

389 3441 629 3533 malamorte
656 3455 848 3555 peribunt,
878 3456 972 3533 aient
999 3480 1066 3556 per
1084 3455 1207 3555 ipsum
1234 3455 1507 3532 ateetaeionem

388 3583 574 3676 videmum
593 3583 657 3658 vbi
676 3583 924 3684 personaliter
942 3607 1009 3682 per
1027 3605 1068 3660 ae
1088 3583 1336 3660 combrobat.“

494 3709 592 3786 Dum
610 3708 694 3786 Rex
712 3710 739 3788 J
741 3733 879 3787 oannes
901 3712 980 3809 jam
998 3719 1098 3788 esset
1116 3733 1198 3787 eum
1217 3716 1414 3788 eateneraa
1431 3733 1505 3788 ana

390 3859 436 3912 ex
463 3843 572 3936 parte
611 3835 1006 3937 Quinque-Eeelenien.
1041 3840 1150 3936 juxta
1177 3861 1300 3916 areem
1325 3839 1501 3935 Danoeh‚

387 3971 469 4040 erat
496 3989 565 4042 arx
594 3963 736 4062 Georgi
764 3965 989 4062 Herehegh3
1018 3973 1154 4042 extunc
1181 3964 1300 4044 Cesar
1322 3967 1402 4064 jam
1429 3966 1503 4042 iuit

386 4099 511 4169 eastra
530 4099 688 4170 metatus
706 4093 745 4168 in
764 4116 893 4192 eampo
912 4092 1088 4169 Mohaeh.
1108 4093 1157 4170 Et
1174 4102 1259 4193 poet
1275 4095 1397 4194 ipsum
1413 4093 1500 4172 Rex

386 4215 575 4316 Joannee,
606 4227 643 4294 et
670 4219 890 4318 quadrigam
915 4227 992 4298 tres
1020 4220 1183 4298 habebat
1208 4244 1346 4299 seeum.
1373 4221 1423 4298 Et
1451 4225 1500 4300 ad

386 4345 546 4423 Mohaeh
566 4346 715 4447 opidum
734 4346 818 4424 Rex
842 4347 1042 4426 deseendit.
1067 4349 1121 4454 Et
1139 4350 1233 4428 mira
1251 4373 1313 4428 ree
1331 4358 1413 4428 erat
1431 4375 1499 4450 po-

384 4482 465 4550 etea
484 4475 570 4572 qnid
589 4483 711 4551 aetum
729 4475 862 4552 iuerat.
