<?xml version="1.0" encoding="UTF-8"?>
<!DOCTYPE html PUBLIC "-//W3C//DTD XHTML 1.0 Transitional//EN"
    "http://www.w3.org/TR/xhtml1/DTD/xhtml1-transitional.dtd">
<html xmlns="http://www.w3.org/1999/xhtml" xml:lang="en" lang="en">
 <head>
  <title>
</title>
<meta http-equiv="Content-Type" content="text/html;charset=utf-8" />
  <meta name='ocr-system' content='tesseract 3.04.00' />
  <meta name='ocr-capabilities' content='ocr_page ocr_carea ocr_par ocr_line ocrx_word'/>
</head>
<body>
  <div class='ocr_page' id='page_1' title='image "./emlkiratamagyar00wenzgoog_0097.png"; bbox 0 0 3248 5210; ppageno 0'>
   <div class='ocr_carea' id='block_1_1' title="bbox 435 435 490 518">
    <p class='ocr_par' dir='ltr' id='par_1_1' title="bbox 435 435 490 518">
     <span class='ocr_line' id='line_1_1' title="bbox 435 435 490 518; baseline 0.036 -2"><span class='ocrx_word' id='word_1_1' title='bbox 435 435 490 518; x_wconf 79' lang='lat'><strong>50</strong></span> 
     </span>
    </p>
   </div>
   <div class='ocr_carea' id='block_1_2' title="bbox 432 642 1561 1754">
    <p class='ocr_par' dir='ltr' id='par_1_2' title="bbox 432 642 1561 1754">
     <span class='ocr_line' id='line_1_2' title="bbox 436 642 1560 742; baseline 0.005 -27"><span class='ocrx_word' id='word_1_2' title='bbox 436 643 613 718; x_wconf 90' lang='lat' dir='ltr'><strong>tenebant</strong></span> <span class='ocrx_word' id='word_1_3' title='bbox 631 642 819 742; x_wconf 74' lang='lat' dir='ltr'><strong>precium,</strong></span> <span class='ocrx_word' id='word_1_4' title='bbox 840 649 877 719; x_wconf 90' lang='lat' dir='ltr'><strong>et</strong></span> <span class='ocrx_word' id='word_1_5' title='bbox 894 664 982 719; x_wconf 86' lang='lat' dir='ltr'><strong>raro</strong></span> <span class='ocrx_word' id='word_1_6' title='bbox 1010 646 1215 740; x_wconf 89' lang='lat' dir='ltr'><strong>potuebant</strong></span> <span class='ocrx_word' id='word_1_7' title='bbox 1243 665 1378 720; x_wconf 89' lang='lat' dir='ltr'><strong>emere.</strong></span> <span class='ocrx_word' id='word_1_8' title='bbox 1409 645 1459 720; x_wconf 86' lang='lat' dir='ltr'><strong>Et</strong></span> <span class='ocrx_word' id='word_1_9' title='bbox 1491 669 1560 721; x_wconf 90' lang='lat' dir='ltr'><strong>au·</strong></span> 
     </span>
     <span class='ocr_line' id='line_1_3' title="bbox 436 768 1561 870; baseline 0.004 -27"><span class='ocrx_word' id='word_1_10' title='bbox 436 768 542 846; x_wconf 91' lang='lat' dir='ltr'><strong>diens</strong></span> <span class='ocrx_word' id='word_1_11' title='bbox 569 792 639 865; x_wconf 80' lang='lat' dir='ltr'><strong>ego</strong></span> <span class='ocrx_word' id='word_1_12' title='bbox 668 770 814 846; x_wconf 88' lang='lat' dir='ltr'><strong>cucurri</strong></span> <span class='ocrx_word' id='word_1_13' title='bbox 842 769 891 846; x_wconf 91' lang='lat' dir='ltr'><strong>ad</strong></span> <span class='ocrx_word' id='word_1_14' title='bbox 920 792 1003 845; x_wconf 90' lang='lat' dir='ltr'><strong>eum</strong></span> <span class='ocrx_word' id='word_1_15' title='bbox 1031 795 1103 870; x_wconf 90' lang='lat' dir='ltr'><strong>pro</strong></span> <span class='ocrx_word' id='word_1_16' title='bbox 1129 773 1280 870; x_wconf 89' lang='lat' dir='ltr'><strong>spacio,</strong></span> <span class='ocrx_word' id='word_1_17' title='bbox 1310 779 1347 848; x_wconf 89' lang='lat' dir='ltr'><strong>et</strong></span> <span class='ocrx_word' id='word_1_18' title='bbox 1366 773 1464 848; x_wconf 90' lang='lat' dir='ltr'><strong>inter</strong></span> <span class='ocrx_word' id='word_1_19' title='bbox 1485 797 1561 848; x_wconf 87' lang='lat' dir='ltr'><strong>nos</strong></span> 
     </span>
     <span class='ocr_line' id='line_1_4' title="bbox 434 895 1561 996; baseline 0.003 -25"><span class='ocrx_word' id='word_1_20' title='bbox 434 895 566 992; x_wconf 81' lang='lat' dir='ltr'><strong>lingua</strong></span> <span class='ocrx_word' id='word_1_21' title='bbox 584 919 668 971; x_wconf 90' lang='lat' dir='ltr'><strong>eum</strong></span> <span class='ocrx_word' id='word_1_22' title='bbox 686 897 877 974; x_wconf 86' lang='lat' dir='ltr'><strong>Traciana</strong></span> <span class='ocrx_word' id='word_1_23' title='bbox 905 897 1158 996; x_wconf 71' lang='lat' dir='ltr'><strong>prodromos,</strong></span> <span class='ocrx_word' id='word_1_24' title='bbox 1190 908 1229 974; x_wconf 92' lang='lat' dir='ltr'><strong>et</strong></span> <span class='ocrx_word' id='word_1_25' title='bbox 1247 906 1381 976; x_wconf 88' lang='lat' dir='ltr'><strong>cuncta</strong></span> <span class='ocrx_word' id='word_1_26' title='bbox 1408 907 1561 975; x_wconf 88' lang='lat' dir='ltr'><strong>secreta</strong></span> 
     </span>
     <span class='ocr_line' id='line_1_5' title="bbox 435 1022 1556 1121; baseline 0.003 -24"><span class='ocrx_word' id='word_1_27' title='bbox 435 1022 605 1121; x_wconf 85' lang='lat' dir='ltr'><strong>pandidit</strong></span> <span class='ocrx_word' id='word_1_28' title='bbox 624 1022 738 1118; x_wconf 75' lang='lat' dir='ltr'><strong>mihi,</strong></span> <span class='ocrx_word' id='word_1_29' title='bbox 766 1023 862 1098; x_wconf 89' lang='lat' dir='ltr'><strong>vidit</strong></span> <span class='ocrx_word' id='word_1_30' title='bbox 886 1046 969 1100; x_wconf 90' lang='lat' dir='ltr'><strong>sum</strong></span> <span class='ocrx_word' id='word_1_31' title='bbox 988 1024 1158 1102; x_wconf 83' lang='lat' dir='ltr'><strong>insertis</strong></span> <span class='ocrx_word' id='word_1_32' title='bbox 1178 1032 1216 1100; x_wconf 90' lang='lat' dir='ltr'><strong>et</strong></span> <span class='ocrx_word' id='word_1_33' title='bbox 1233 1027 1288 1102; x_wconf 92' lang='lat' dir='ltr'><strong>nil</strong></span> <span class='ocrx_word' id='word_1_34' title='bbox 1306 1027 1345 1101; x_wconf 92' lang='lat' dir='ltr'><strong>in</strong></span> <span class='ocrx_word' id='word_1_35' title='bbox 1364 1049 1423 1101; x_wconf 93' lang='lat' dir='ltr'><strong>me</strong></span> <span class='ocrx_word' id='word_1_36' title='bbox 1442 1049 1556 1102; x_wconf 86' lang='lat' dir='ltr'><strong>vere·</strong></span> 
     </span>
     <span class='ocr_line' id='line_1_6' title="bbox 434 1148 1559 1249; baseline 0.003 -24"><span class='ocrx_word' id='word_1_37' title='bbox 434 1148 556 1227; x_wconf 91' lang='lat' dir='ltr'><strong>batur.</strong></span> <span class='ocrx_word' id='word_1_38' title='bbox 577 1150 629 1244; x_wconf 84' lang='lat' dir='ltr'><strong>Et</strong></span> <span class='ocrx_word' id='word_1_39' title='bbox 647 1151 764 1226; x_wconf 90' lang='lat' dir='ltr'><strong>semel</strong></span> <span class='ocrx_word' id='word_1_40' title='bbox 792 1149 890 1226; x_wconf 92' lang='lat' dir='ltr'><strong>inter</strong></span> <span class='ocrx_word' id='word_1_41' title='bbox 918 1153 1254 1248; x_wconf 76' lang='lat' dir='ltr'>congregacionem</span> <span class='ocrx_word' id='word_1_42' title='bbox 1272 1152 1559 1249; x_wconf 85' lang='lat' dir='ltr'><strong>Hungarorum,</strong></span> 
     </span>
     <span class='ocr_line' id='line_1_7' title="bbox 432 1277 1552 1376; baseline 0.003 -25"><span class='ocrx_word' id='word_1_43' title='bbox 432 1286 469 1351; x_wconf 89' lang='lat' dir='ltr'><strong>et</strong></span> <span class='ocrx_word' id='word_1_44' title='bbox 487 1302 573 1354; x_wconf 87' lang='lat' dir='ltr'><strong>mox</strong></span> <span class='ocrx_word' id='word_1_45' title='bbox 591 1277 762 1376; x_wconf 88' lang='lat' dir='ltr'><strong>lapidare</strong></span> <span class='ocrx_word' id='word_1_46' title='bbox 782 1279 980 1374; x_wconf 80' lang='lat' dir='ltr'><strong>volebant3</strong></span> <span class='ocrx_word' id='word_1_47' title='bbox 1000 1286 1038 1354; x_wconf 92' lang='lat' dir='ltr'><strong>et</strong></span> <span class='ocrx_word' id='word_1_48' title='bbox 1056 1279 1249 1355; x_wconf 83' lang='lat' dir='ltr'><strong>iulatuum</strong></span> <span class='ocrx_word' id='word_1_49' title='bbox 1267 1280 1552 1356; x_wconf 80' lang='lat' dir='ltr'><strong>existimabant.</strong></span> 
     </span>
     <span class='ocr_line' id='line_1_8' title="bbox 540 1401 1558 1502; baseline 0.002 -22"><span class='ocrx_word' id='word_1_50' title='bbox 540 1405 741 1480; x_wconf 76' lang='lat' dir='ltr'><strong>Nicolaum</strong></span> <span class='ocrx_word' id='word_1_51' title='bbox 760 1401 890 1480; x_wconf 84' lang='lat' dir='ltr'><strong>Sanko</strong></span> <span class='ocrx_word' id='word_1_52' title='bbox 910 1403 1274 1502; x_wconf 84' lang='lat' dir='ltr'><strong>Hungarivolebant</strong></span> <span class='ocrx_word' id='word_1_53' title='bbox 1292 1408 1558 1500; x_wconf 79' lang='lat' dir='ltr'><strong>exterminare,</strong></span> 
     </span>
     <span class='ocr_line' id='line_1_9' title="bbox 436 1530 1560 1631; baseline 0.004 -25"><span class='ocrx_word' id='word_1_54' title='bbox 436 1533 524 1629; x_wconf 89' lang='lat' dir='ltr'><strong>quia</strong></span> <span class='ocrx_word' id='word_1_55' title='bbox 538 1534 619 1629; x_wconf 88' lang='lat' dir='ltr'><strong>jam</strong></span> <span class='ocrx_word' id='word_1_56' title='bbox 638 1530 793 1628; x_wconf 81' lang='lat' dir='ltr'><strong>vigebat</strong></span> <span class='ocrx_word' id='word_1_57' title='bbox 819 1531 978 1607; x_wconf 80' lang='lat' dir='ltr'><strong>tradicio</strong></span> <span class='ocrx_word' id='word_1_58' title='bbox 1006 1555 1096 1628; x_wconf 87' lang='lat' dir='ltr'><strong>sua;</strong></span> <span class='ocrx_word' id='word_1_59' title='bbox 1126 1539 1290 1608; x_wconf 80' lang='lat' dir='ltr'><strong>attamen</strong></span> <span class='ocrx_word' id='word_1_60' title='bbox 1308 1533 1375 1609; x_wconf 89' lang='lat' dir='ltr'><strong>ille</strong></span> <span class='ocrx_word' id='word_1_61' title='bbox 1393 1557 1560 1631; x_wconf 79' lang='lat' dir='ltr'><strong>magnus</strong></span> 
     </span>
     <span class='ocr_line' id='line_1_10' title="bbox 432 1645 1437 1754; baseline 0 -20"><span class='ocrx_word' id='word_1_62' title='bbox 432 1657 591 1734; x_wconf 85' lang='lat' dir='ltr'><strong>traditor</strong></span> <span class='ocrx_word' id='word_1_63' title='bbox 610 1645 846 1734; x_wconf 83' lang='lat' dir='ltr'><strong>deffendebat</strong></span> <span class='ocrx_word' id='word_1_64' title='bbox 864 1677 947 1733; x_wconf 92' lang='lat' dir='ltr'><strong>eum</strong></span> <span class='ocrx_word' id='word_1_65' title='bbox 967 1657 1136 1735; x_wconf 81' lang='lat' dir='ltr'><strong>Thomas</strong></span> <span class='ocrx_word' id='word_1_66' title='bbox 1155 1657 1437 1754; x_wconf 76' lang='lat' dir='ltr'><strong>strigoniensis.</strong></span> 
     </span>
    </p>
   </div>
   <div class='ocr_carea' id='block_1_3' title="bbox 764 1897 1229 2067">
    <p class='ocr_par' dir='ltr' id='par_1_3' title="bbox 764 1897 1229 2067">
     <span class='ocr_line' id='line_1_11' title="bbox 764 1897 1229 2067; baseline -0.006 -24"><span class='ocrx_word' id='word_1_67' title='bbox 764 1897 1096 2066; x_wconf 74' lang='lat' dir='ltr'><strong>(eremmon</strong></span> <span class='ocrx_word' id='word_1_68' title='bbox 1125 1965 1229 2067; x_wconf 80' lang='lat' dir='ltr'><strong>xx).</strong></span> 
     </span>
    </p>
   </div>
   <div class='ocr_carea' id='block_1_4' title="bbox 426 2163 1557 4796">
    <p class='ocr_par' dir='ltr' id='par_1_4' title="bbox 431 2163 1557 2900">
     <span class='ocr_line' id='line_1_12' title="bbox 540 2163 1557 2264; baseline 0.002 -25"><span class='ocrx_word' id='word_1_69' title='bbox 540 2165 645 2241; x_wconf 89' lang='lat' dir='ltr'><strong>Inter</strong></span> <span class='ocrx_word' id='word_1_70' title='bbox 664 2164 735 2239; x_wconf 91' lang='lat' dir='ltr'><strong>bec</strong></span> <span class='ocrx_word' id='word_1_71' title='bbox 753 2163 969 2264; x_wconf 87' lang='lat' dir='ltr'><strong>Stephanus</strong></span> <span class='ocrx_word' id='word_1_72' title='bbox 997 2165 1178 2241; x_wconf 89' lang='lat' dir='ltr'><strong>morituus</strong></span> <span class='ocrx_word' id='word_1_73' title='bbox 1198 2172 1257 2240; x_wconf 89' lang='lat' dir='ltr'><strong>est</strong></span> <span class='ocrx_word' id='word_1_74' title='bbox 1273 2163 1557 2258; x_wconf 82' lang='lat' dir='ltr'><strong>thezaurarius,</strong></span> 
     </span>
     <span class='ocr_line' id='line_1_13' title="bbox 433 2290 1556 2392; baseline 0 -26"><span class='ocrx_word' id='word_1_75' title='bbox 433 2301 470 2367; x_wconf 91' lang='lat' dir='ltr'><strong>et</strong></span> <span class='ocrx_word' id='word_1_76' title='bbox 488 2292 607 2367; x_wconf 88' lang='lat' dir='ltr'><strong>filium</strong></span> <span class='ocrx_word' id='word_1_77' title='bbox 625 2313 731 2368; x_wconf 88' lang='lat' dir='ltr'><strong>suum</strong></span> <span class='ocrx_word' id='word_1_78' title='bbox 759 2290 786 2367; x_wconf 87' lang='lat' dir='ltr'>J</span> <span class='ocrx_word' id='word_1_79' title='bbox 789 2313 947 2367; x_wconf 91' lang='lat' dir='ltr'><strong>oannem</strong></span> <span class='ocrx_word' id='word_1_80' title='bbox 977 2291 1244 2392; x_wconf 89' lang='lat' dir='ltr'><strong>Zepusiensem</strong></span> <span class='ocrx_word' id='word_1_81' title='bbox 1272 2292 1466 2386; x_wconf 84' lang='lat' dir='ltr'><strong>elegemnt</strong></span> <span class='ocrx_word' id='word_1_82' title='bbox 1491 2315 1556 2367; x_wconf 90' lang='lat' dir='ltr'><strong>re-</strong></span> 
     </span>
     <span class='ocr_line' id='line_1_14' title="bbox 431 2416 1557 2515; baseline 0.001 -23"><span class='ocrx_word' id='word_1_83' title='bbox 431 2419 572 2515; x_wconf 83' lang='lat' dir='ltr'><strong>gnicoli</strong></span> <span class='ocrx_word' id='word_1_84' title='bbox 610 2416 784 2513; x_wconf 86' lang='lat' dir='ltr'><strong>Hungari</strong></span> <span class='ocrx_word' id='word_1_85' title='bbox 823 2417 871 2492; x_wconf 92' lang='lat' dir='ltr'><strong>ad</strong></span> <span class='ocrx_word' id='word_1_86' title='bbox 908 2418 1071 2493; x_wconf 85' lang='lat' dir='ltr'><strong>officinm</strong></span> <span class='ocrx_word' id='word_1_87' title='bbox 1106 2418 1144 2492; x_wconf 93' lang='lat' dir='ltr'><strong>in</strong></span> <span class='ocrx_word' id='word_1_88' title='bbox 1173 2417 1463 2495; x_wconf 84' lang='lat' dir='ltr'><strong>Transsiluanie</strong></span> <span class='ocrx_word' id='word_1_89' title='bbox 1501 2419 1557 2493; x_wconf 86' lang='lat' dir='ltr'><strong>ad</strong></span> 
     </span>
     <span class='ocr_line' id='line_1_15' title="bbox 433 2540 1557 2645; baseline -0.001 -24"><span class='ocrx_word' id='word_1_90' title='bbox 433 2545 718 2645; x_wconf 86' lang='lat' dir='ltr'><strong>Vayuodatum,</strong></span> <span class='ocrx_word' id='word_1_91' title='bbox 758 2543 844 2619; x_wconf 90' lang='lat' dir='ltr'><strong>dum</strong></span> <span class='ocrx_word' id='word_1_92' title='bbox 872 2545 1089 2622; x_wconf 78' lang='lat' dir='ltr'><strong>scribebant</strong></span> <span class='ocrx_word' id='word_1_93' title='bbox 1116 2568 1213 2620; x_wconf 91' lang='lat' dir='ltr'><strong>anno</strong></span> <span class='ocrx_word' id='word_1_94' title='bbox 1245 2540 1358 2619; x_wconf 83' lang='lat'>1510.</span> <span class='ocrx_word' id='word_1_95' title='bbox 1389 2543 1440 2618; x_wconf 88' lang='lat' dir='ltr'><strong>Et</strong></span> <span class='ocrx_word' id='word_1_96' title='bbox 1467 2553 1557 2620; x_wconf 85' lang='lat' dir='ltr'><strong>erat</strong></span> 
     </span>
     <span class='ocr_line' id='line_1_16' title="bbox 431 2670 1556 2767; baseline 0.001 -21"><span class='ocrx_word' id='word_1_97' title='bbox 431 2673 542 2748; x_wconf 85' lang='lat' dir='ltr'><strong>valde</strong></span> <span class='ocrx_word' id='word_1_98' title='bbox 561 2673 772 2748; x_wconf 86' lang='lat' dir='ltr'><strong>fortunatus</strong></span> <span class='ocrx_word' id='word_1_99' title='bbox 791 2672 831 2748; x_wconf 92' lang='lat' dir='ltr'><strong>in</strong></span> <span class='ocrx_word' id='word_1_100' title='bbox 848 2672 949 2748; x_wconf 90' lang='lat' dir='ltr'><strong>bello</strong></span> <span class='ocrx_word' id='word_1_101' title='bbox 969 2671 1269 2767; x_wconf 88' lang='lat' dir='ltr'><strong>christianorum,</strong></span> <span class='ocrx_word' id='word_1_102' title='bbox 1289 2670 1374 2745; x_wconf 88' lang='lat' dir='ltr'><strong>dum</strong></span> <span class='ocrx_word' id='word_1_103' title='bbox 1384 2670 1556 2767; x_wconf 85' lang='lat' dir='ltr'><strong>perfecte</strong></span> 
     </span>
     <span class='ocr_line' id='line_1_17' title="bbox 431 2797 1385 2900; baseline -0.005 -24"><span class='ocrx_word' id='word_1_104' title='bbox 431 2800 669 2900; x_wconf 79' lang='lat' dir='ltr'><strong>persistebat,</strong></span> <span class='ocrx_word' id='word_1_105' title='bbox 691 2799 902 2874; x_wconf 89' lang='lat' dir='ltr'><strong>doneonon</strong></span> <span class='ocrx_word' id='word_1_106' title='bbox 920 2797 1126 2874; x_wconf 87' lang='lat' dir='ltr'><strong>adherebat</strong></span> <span class='ocrx_word' id='word_1_107' title='bbox 1144 2797 1192 2872; x_wconf 91' lang='lat' dir='ltr'><strong>ad</strong></span> <span class='ocrx_word' id='word_1_108' title='bbox 1210 2797 1385 2872; x_wconf 82' lang='lat' dir='ltr'><strong>Tuream.</strong></span> 
     </span>
    </p>

    <p class='ocr_par' dir='ltr' id='par_1_5' title="bbox 426 2922 1554 4398">
     <span class='ocr_line' id='line_1_18' title="bbox 541 2922 1554 3020; baseline -0.003 -19"><span class='ocrx_word' id='word_1_109' title='bbox 541 2927 592 3001; x_wconf 87' lang='lat' dir='ltr'><strong>Et</strong></span> <span class='ocrx_word' id='word_1_110' title='bbox 610 2925 842 3002; x_wconf 88' lang='lat' dir='ltr'><strong>Ludovicnm</strong></span> <span class='ocrx_word' id='word_1_111' title='bbox 867 2924 986 3020; x_wconf 84' lang='lat' dir='ltr'><strong>Regis</strong></span> <span class='ocrx_word' id='word_1_112' title='bbox 1014 2923 1184 3000; x_wconf 89' lang='lat' dir='ltr'><strong>Ladislai</strong></span> <span class='ocrx_word' id='word_1_113' title='bbox 1215 2923 1402 2999; x_wconf 86' lang='lat' dir='ltr'><strong>Kaaimiri</strong></span> <span class='ocrx_word' id='word_1_114' title='bbox 1430 2922 1554 2998; x_wconf 91' lang='lat' dir='ltr'><strong>filium</strong></span> 
     </span>
     <span class='ocr_line' id='line_1_19' title="bbox 432 3051 1554 3145; baseline -0.004 -17"><span class='ocrx_word' id='word_1_115' title='bbox 432 3060 632 3130; x_wconf 89' lang='lat' dir='ltr'><strong>coronatus</strong></span> <span class='ocrx_word' id='word_1_116' title='bbox 660 3061 743 3129; x_wconf 89' lang='lat' dir='ltr'><strong>erat</strong></span> <span class='ocrx_word' id='word_1_117' title='bbox 761 3053 800 3127; x_wconf 93' lang='lat' dir='ltr'><strong>in</strong></span> <span class='ocrx_word' id='word_1_118' title='bbox 829 3052 996 3126; x_wconf 86' lang='lat' dir='ltr'><strong>infancia</strong></span> <span class='ocrx_word' id='word_1_119' title='bbox 1023 3075 1113 3145; x_wconf 92' lang='lat' dir='ltr'><strong>sua,</strong></span> <span class='ocrx_word' id='word_1_120' title='bbox 1144 3051 1229 3126; x_wconf 91' lang='lat' dir='ltr'><strong>dum</strong></span> <span class='ocrx_word' id='word_1_121' title='bbox 1258 3057 1339 3126; x_wconf 90' lang='lat' dir='ltr'><strong>erat</strong></span> <span class='ocrx_word' id='word_1_122' title='bbox 1367 3072 1554 3125; x_wconf 88' lang='lat' dir='ltr'><strong>annorum</strong></span> 
     </span>
     <span class='ocr_line' id='line_1_20' title="bbox 431 3176 1554 3277; baseline -0.002 -23"><span class='ocrx_word' id='word_1_123' title='bbox 431 3179 617 3277; x_wconf 78' lang='lat' dir='ltr'><strong>quinque3</strong></span> <span class='ocrx_word' id='word_1_124' title='bbox 644 3187 682 3253; x_wconf 91' lang='lat' dir='ltr'><strong>et</strong></span> <span class='ocrx_word' id='word_1_125' title='bbox 700 3178 819 3254; x_wconf 90' lang='lat' dir='ltr'><strong>sensit</strong></span> <span class='ocrx_word' id='word_1_126' title='bbox 837 3185 955 3254; x_wconf 88' lang='lat' dir='ltr'><strong>mater</strong></span> <span class='ocrx_word' id='word_1_127' title='bbox 974 3177 1155 3254; x_wconf 86' lang='lat' dir='ltr'><strong>Ludouioi</strong></span> <span class='ocrx_word' id='word_1_128' title='bbox 1177 3177 1307 3274; x_wconf 82' lang='lat' dir='ltr'><strong>Regis,</strong></span> <span class='ocrx_word' id='word_1_129' title='bbox 1328 3176 1428 3274; x_wconf 86' lang='lat' dir='ltr'><strong>quod</strong></span> <span class='ocrx_word' id='word_1_130' title='bbox 1445 3187 1554 3252; x_wconf 90' lang='lat' dir='ltr'><strong>esset</strong></span> 
     </span>
     <span class='ocr_line' id='line_1_21' title="bbox 432 3283 1553 3408; baseline 0 -28"><span class='ocrx_word' id='word_1_131' title='bbox 432 3309 551 3405; x_wconf 89' lang='lat' dir='ltr'><strong>major</strong></span> <span class='ocrx_word' id='word_1_132' title='bbox 580 3305 751 3382; x_wconf 90' lang='lat' dir='ltr'><strong>dominus</strong></span> <span class='ocrx_word' id='word_1_133' title='bbox 780 3306 818 3380; x_wconf 91' lang='lat' dir='ltr'><strong>in</strong></span> <span class='ocrx_word' id='word_1_134' title='bbox 848 3304 996 3380; x_wconf 87' lang='lat' dir='ltr'><strong>diciciis</strong></span> <span class='ocrx_word' id='word_1_135' title='bbox 1023 3305 1122 3399; x_wconf 89' lang='lat' dir='ltr'><strong>suis,</strong></span> <span class='ocrx_word' id='word_1_136' title='bbox 1151 3328 1262 3408; x_wconf 91' lang='lat' dir='ltr'><strong>quam</strong></span> <span class='ocrx_word' id='word_1_137' title='bbox 1289 3311 1397 3403; x_wconf 90' lang='lat' dir='ltr'><strong>pater</strong></span> <span class='ocrx_word' id='word_1_138' title='bbox 1411 3283 1553 3402; x_wconf 69' lang='lat' dir='ltr'><strong>⁸ipsius</strong></span> 
     </span>
     <span class='ocr_line' id='line_1_22' title="bbox 430 3430 1552 3530; baseline -0.003 -24"><span class='ocrx_word' id='word_1_139' title='bbox 430 3431 635 3509; x_wconf 85' lang='lat' dir='ltr'><strong>Ladislaus</strong></span> <span class='ocrx_word' id='word_1_140' title='bbox 663 3433 759 3508; x_wconf 82' lang='lat' dir='ltr'><strong>Rex.</strong></span> <span class='ocrx_word' id='word_1_141' title='bbox 790 3432 841 3506; x_wconf 85' lang='lat' dir='ltr'><strong>Et</strong></span> <span class='ocrx_word' id='word_1_142' title='bbox 859 3454 1006 3530; x_wconf 91' lang='lat' dir='ltr'><strong>semper</strong></span> <span class='ocrx_word' id='word_1_143' title='bbox 1035 3432 1227 3507; x_wconf 90' lang='lat' dir='ltr'><strong>inuidebat</strong></span> <span class='ocrx_word' id='word_1_144' title='bbox 1249 3430 1434 3509; x_wconf 89' lang='lat' dir='ltr'><strong>Joannem</strong></span> <span class='ocrx_word' id='word_1_145' title='bbox 1452 3453 1552 3530; x_wconf 83' lang='lat' dir='ltr'><strong>vay-</strong></span> 
     </span>
     <span class='ocr_line' id='line_1_23' title="bbox 430 3557 1550 3636; baseline -0.004 -2"><span class='ocrx_word' id='word_1_146' title='bbox 430 3560 564 3636; x_wconf 91' lang='lat' dir='ltr'><strong>nodam</strong></span> <span class='ocrx_word' id='word_1_147' title='bbox 601 3559 1008 3636; x_wconf 79' lang='lat' dir='ltr'><strong>Transsiluaniensem.</strong></span> <span class='ocrx_word' id='word_1_148' title='bbox 1048 3559 1099 3634; x_wconf 85' lang='lat' dir='ltr'><strong>Et</strong></span> <span class='ocrx_word' id='word_1_149' title='bbox 1126 3559 1242 3634; x_wconf 90' lang='lat' dir='ltr'><strong>semel</strong></span> <span class='ocrx_word' id='word_1_150' title='bbox 1280 3558 1451 3633; x_wconf 87' lang='lat' dir='ltr'><strong>diversas</strong></span> <span class='ocrx_word' id='word_1_151' title='bbox 1489 3557 1550 3630; x_wconf 92' lang='lat' dir='ltr'><strong>in·</strong></span> 
     </span>
     <span class='ocr_line' id='line_1_24' title="bbox 427 3681 1552 3782; baseline -0.006 -18"><span class='ocrx_word' id='word_1_152' title='bbox 427 3687 710 3764; x_wconf 80' lang='lat' dir='ltr'><strong>thoricaciones</strong></span> <span class='ocrx_word' id='word_1_153' title='bbox 728 3685 870 3761; x_wconf 86' lang='lat' dir='ltr'><strong>fecerat</strong></span> <span class='ocrx_word' id='word_1_154' title='bbox 888 3691 1039 3782; x_wconf 86' lang='lat' dir='ltr'><strong>portare</strong></span> <span class='ocrx_word' id='word_1_155' title='bbox 1055 3684 1099 3758; x_wconf 91' lang='lat' dir='ltr'><strong>de</strong></span> <span class='ocrx_word' id='word_1_156' title='bbox 1115 3681 1318 3778; x_wconf 88' lang='lat' dir='ltr'><strong>Wenecia;</strong></span> <span class='ocrx_word' id='word_1_157' title='bbox 1340 3689 1376 3756; x_wconf 93' lang='lat' dir='ltr'><strong>et</strong></span> <span class='ocrx_word' id='word_1_158' title='bbox 1395 3681 1552 3758; x_wconf 88' lang='lat' dir='ltr'><strong>volebat</strong></span> 
     </span>
     <span class='ocr_line' id='line_1_25' title="bbox 429 3799 1548 3910; baseline -0.006 -20"><span class='ocrx_word' id='word_1_159' title='bbox 429 3815 634 3910; x_wconf 80' lang='lat' dir='ltr'><strong>Hungaros</strong></span> <span class='ocrx_word' id='word_1_160' title='bbox 653 3817 848 3908; x_wconf 82' lang='lat' dir='ltr'><strong>magnates</strong></span> <span class='ocrx_word' id='word_1_161' title='bbox 874 3799 1106 3886; x_wconf 86' lang='lat' dir='ltr'><strong>intboxicare</strong></span> <span class='ocrx_word' id='word_1_162' title='bbox 1127 3811 1167 3883; x_wconf 91' lang='lat' dir='ltr'><strong>in</strong></span> <span class='ocrx_word' id='word_1_163' title='bbox 1185 3831 1260 3884; x_wconf 90' lang='lat' dir='ltr'><strong>vna</strong></span> <span class='ocrx_word' id='word_1_164' title='bbox 1279 3831 1372 3884; x_wconf 91' lang='lat' dir='ltr'><strong>cena</strong></span> <span class='ocrx_word' id='word_1_165' title='bbox 1390 3829 1548 3905; x_wconf 88' lang='lat' dir='ltr'><strong>vesper-</strong></span> 
     </span>
     <span class='ocr_line' id='line_1_26' title="bbox 427 3935 1547 4039; baseline -0.006 -22"><span class='ocrx_word' id='word_1_166' title='bbox 427 3942 506 4017; x_wconf 92' lang='lat' dir='ltr'><strong>tino</strong></span> <span class='ocrx_word' id='word_1_167' title='bbox 540 3947 721 4039; x_wconf 88' lang='lat' dir='ltr'><strong>tempore.</strong></span> <span class='ocrx_word' id='word_1_168' title='bbox 761 3935 870 4028; x_wconf 85' lang='lat' dir='ltr'><strong>Quod</strong></span> <span class='ocrx_word' id='word_1_169' title='bbox 898 3936 1070 4032; x_wconf 81' lang='lat' dir='ltr'><strong>Hungari</strong></span> <span class='ocrx_word' id='word_1_170' title='bbox 1109 3935 1319 4012; x_wconf 80' lang='lat' dir='ltr'><strong>sancientes</strong></span> <span class='ocrx_word' id='word_1_171' title='bbox 1356 3955 1547 4030; x_wconf 90' lang='lat' dir='ltr'><strong>nunquam</strong></span> 
     </span>
     <span class='ocr_line' id='line_1_27' title="bbox 429 4059 1547 4164; baseline -0.005 -20"><span class='ocrx_word' id='word_1_172' title='bbox 429 4067 575 4164; x_wconf 82' lang='lat' dir='ltr'><strong>Regina</strong></span> <span class='ocrx_word' id='word_1_173' title='bbox 604 4065 826 4156; x_wconf 81' lang='lat' dir='ltr'><strong>credebant3</strong></span> <span class='ocrx_word' id='word_1_174' title='bbox 864 4059 953 4160; x_wconf 86' lang='lat' dir='ltr'><strong>quia</strong></span> <span class='ocrx_word' id='word_1_175' title='bbox 981 4085 1094 4161; x_wconf 86' lang='lat' dir='ltr'><strong>super</strong></span> <span class='ocrx_word' id='word_1_176' title='bbox 1128 4085 1257 4137; x_wconf 88' lang='lat' dir='ltr'><strong>cenam</strong></span> <span class='ocrx_word' id='word_1_177' title='bbox 1283 4063 1367 4138; x_wconf 92' lang='lat' dir='ltr'><strong>sola</strong></span> <span class='ocrx_word' id='word_1_178' title='bbox 1394 4060 1547 4156; x_wconf 83' lang='lat' dir='ltr'><strong>Regina</strong></span> 
     </span>
     <span class='ocr_line' id='line_1_28' title="bbox 427 4188 1543 4290; baseline -0.004 -22"><span class='ocrx_word' id='word_1_179' title='bbox 427 4194 646 4290; x_wconf 81' lang='lat' dir='ltr'><strong>extinguere</strong></span> <span class='ocrx_word' id='word_1_180' title='bbox 664 4191 807 4268; x_wconf 86' lang='lat' dir='ltr'><strong>lecerat</strong></span> <span class='ocrx_word' id='word_1_181' title='bbox 825 4189 1050 4283; x_wconf 87' lang='lat' dir='ltr'><strong>candellam,</strong></span> <span class='ocrx_word' id='word_1_182' title='bbox 1071 4213 1182 4286; x_wconf 88' lang='lat' dir='ltr'><strong>quam</strong></span> <span class='ocrx_word' id='word_1_183' title='bbox 1201 4189 1247 4264; x_wconf 92' lang='lat' dir='ltr'><strong>de</strong></span> <span class='ocrx_word' id='word_1_184' title='bbox 1266 4188 1435 4266; x_wconf 88' lang='lat' dir='ltr'><strong>Veneoia</strong></span> <span class='ocrx_word' id='word_1_185' title='bbox 1453 4211 1543 4288; x_wconf 85' lang='lat' dir='ltr'><strong>por-</strong></span> 
     </span>
     <span class='ocr_line' id='line_1_29' title="bbox 426 4319 1046 4398; baseline -0.01 0"><span class='ocrx_word' id='word_1_186' title='bbox 426 4323 558 4398; x_wconf 86' lang='lat' dir='ltr'><strong>tabant</strong></span> <span class='ocrx_word' id='word_1_187' title='bbox 575 4319 623 4394; x_wconf 88' lang='lat' dir='ltr'><strong>ei.</strong></span> <span class='ocrx_word' id='word_1_188' title='bbox 1043 4325 1046 4330; x_wconf 82' lang='grc'><strong>“</strong></span> 
     </span>
    </p>

    <p class='ocr_par' dir='ltr' id='par_1_6' title="bbox 426 4425 1547 4796">
     <span class='ocr_line' id='line_1_30' title="bbox 523 4425 1546 4534; baseline -0.005 -13"><span class='ocrx_word' id='word_1_189' title='bbox 523 4425 585 4521; x_wconf 72' lang='grc' dir='ltr'><strong>ΔΕῐ</strong></span> <span class='ocrx_word' id='word_1_190' title='bbox 622 4445 765 4521; x_wconf 89' lang='lat' dir='ltr'><strong>Paulus</strong></span> <span class='ocrx_word' id='word_1_191' title='bbox 811 4443 941 4520; x_wconf 89' lang='lat' dir='ltr'><strong>Kinisi</strong></span> <span class='ocrx_word' id='word_1_192' title='bbox 979 4440 1287 4534; x_wconf 85' lang='lat' dir='ltr'><strong>obmutescebat,</strong></span> <span class='ocrx_word' id='word_1_193' title='bbox 1325 4447 1364 4514; x_wconf 89' lang='lat' dir='ltr'><strong>et</strong></span> <span class='ocrx_word' id='word_1_194' title='bbox 1404 4439 1460 4515; x_wconf 89' lang='lat' dir='ltr'><strong>sie</strong></span> <span class='ocrx_word' id='word_1_195' title='bbox 1498 4440 1546 4516; x_wconf 86' lang='lat' dir='ltr'><strong>de</strong></span> 
     </span>
     <span class='ocr_line' id='line_1_31' title="bbox 427 4565 1546 4669; baseline -0.009 -19"><span class='ocrx_word' id='word_1_196' title='bbox 427 4573 562 4650; x_wconf 90' lang='lat' dir='ltr'><strong>mundo</strong></span> <span class='ocrx_word' id='word_1_197' title='bbox 591 4571 780 4665; x_wconf 75' lang='lat' dir='ltr'><strong>exclaruit,</strong></span> <span class='ocrx_word' id='word_1_198' title='bbox 809 4577 962 4669; x_wconf 88' lang='lat' dir='ltr'><strong>propter</strong></span> <span class='ocrx_word' id='word_1_199' title='bbox 990 4567 1221 4646; x_wconf 91' lang='lat' dir='ltr'><strong>sacerdotem</strong></span> <span class='ocrx_word' id='word_1_200' title='bbox 1249 4587 1361 4642; x_wconf 89' lang='lat' dir='ltr'><strong>vnum</strong></span> <span class='ocrx_word' id='word_1_201' title='bbox 1380 4565 1420 4642; x_wconf 94' lang='lat' dir='ltr'><strong>in</strong></span> <span class='ocrx_word' id='word_1_202' title='bbox 1438 4565 1546 4642; x_wconf 83' lang='lat' dir='ltr'><strong>Tbe-</strong></span> 
     </span>
     <span class='ocr_line' id='line_1_32' title="bbox 426 4691 1547 4796; baseline -0.005 -20"><span class='ocrx_word' id='word_1_203' title='bbox 426 4721 604 4796; x_wconf 82' lang='lat' dir='ltr'><strong>meswar,</strong></span> <span class='ocrx_word' id='word_1_204' title='bbox 638 4697 737 4796; x_wconf 90' lang='lat' dir='ltr'><strong>qnod</strong></span> <span class='ocrx_word' id='word_1_205' title='bbox 764 4698 958 4775; x_wconf 79' lang='lat' dir='ltr'><strong>adrutum</strong></span> <span class='ocrx_word' id='word_1_206' title='bbox 985 4693 1208 4774; x_wconf 85' lang='lat' dir='ltr'><strong>molendinis</strong></span> <span class='ocrx_word' id='word_1_207' title='bbox 1243 4694 1385 4770; x_wconf 87' lang='lat' dir='ltr'><strong>lecerat</strong></span> <span class='ocrx_word' id='word_1_208' title='bbox 1419 4691 1547 4790; x_wconf 76' lang='lat' dir='ltr'><strong>ligare</strong></span> 
     </span>
    </p>
   </div>
   <div class='ocr_carea' id='block_1_5' title="bbox 0 0 1628 5210">
    <p class='ocr_par' dir='ltr' id='par_1_7' title="bbox 0 0 1628 5210">
     <span class='ocr_line' id='line_1_33' title="bbox 0 0 1628 5210; baseline 0 2"><span class='ocrx_word' id='word_1_209' title='bbox 0 0 1628 5210; x_wconf 95' lang='lat' dir='ltr'><strong> </strong></span> 
     </span>
    </p>
   </div>
  </div>
 </body>
</html>
