3226 5220
377 478 453 560 172

373 681 457 757 nias
475 679 523 756 ad
542 704 600 757 me
619 682 799 759 atrocium
818 683 915 758 diem
933 680 980 785 ²¹⁸).
1011 681 1052 758 Si
1071 705 1202 759 verum
1225 684 1295 780 sit,
1315 681 1485 780 quemad·

373 808 520 885 modum
538 808 752 905 declarasti,
772 797 918 885 veretc
940 809 1220 885 remunerabo.“

481 934 636 1011 Interim
665 935 783 1010 eciam
812 935 928 1033 judex
965 933 1238 1030 Zeghediensis
1277 933 1489 1033 Stephanus

375 1059 509 1136 Zakan
528 1067 684 1136 venerat
703 1081 786 1134 cum
805 1061 884 1135 suis
903 1055 1067 1160 iur(at)is
1087 1061 1303 1137 ciuitatibus
1313 1047 1361 1134 ad
1371 1058 1488 1156 Regia

376 1187 587 1284 Majestatis
617 1186 780 1282 Budam,
810 1193 847 1260 et
865 1185 910 1260 de
928 1185 1171 1263 facultatibus
1203 1187 1367 1262 ciuitatis
1393 1188 1488 1261 refe-

376 1321 554 1390 raucrunt
579 1337 662 1390 oum
691 1313 809 1390 donis.
840 1314 933 1390 Post
959 1313 1136 1409 loquellis
1164 1337 1291 1391 eorum
1319 1313 1488 1389 determi-

375 1442 493 1536 natis,
517 1449 554 1516 et
571 1441 654 1517 Rex
669 1442 832 1540 judicem
850 1441 1055 1541 predictum
1083 1443 1223 1541 incepit
1241 1442 1487 1538 investigare:

381 1567 597 1666 „Quomodo
618 1575 656 1642 et
674 1569 835 1666 qualiter
855 1568 1026 1644 abierant
1053 1569 1238 1643 latronem
1258 1570 1405 1665 nigrum
1423 1569 1488 1644 ho·

375 1694 538 1771 minem?
567 1693 642 1786 Qui
661 1703 698 1770 ct
716 1719 787 1792 ego
808 1698 887 1792 jam
906 1694 1155 1792 premeditato
1173 1716 1348 1793 ceperam
1366 1697 1414 1771 ab
1433 1717 1487 1789 eo,

376 1822 442 1898 sed
470 1822 553 1897 Deo
573 1821 773 1920 adjuuante
799 1845 866 1919 per
895 1821 1059 1895 Tereum
1087 1821 1332 1898 Valentinum
1358 1821 1491 1906 fuisset

374 1950 605 2046 interceptus
624 1949 662 2022 in
680 1949 837 2048 pugillis
856 1947 971 2024 suis.“
1002 1946 1110 2020 Dixit
1123 1945 1239 2043 judex
1258 1947 1488 2043 Zeghedicn-

375 2077 429 2153 sis
449 2103 457 2150 ε
483 2075 705 2172 „Nunquam
724 2075 948 2153 Valentinus
976 2072 1133 2148 Therek
1153 2073 1344 2150 debuisset
1362 2081 1491 2150 contra

376 2201 681 2301 eum'pugillare,
704 2203 802 2299 quod
821 2202 853 2277 si
873 2207 963 2299 aput
981 2223 1049 2275 nos
1064 2223 1139 2274 non
1153 2201 1376 2277 accessisset
1393 2223 1490 2276 mors

378 2331 450 2406 sibi
487 2352 555 2427 per
591 2352 703 2403 vnum
739 2350 945 2428 pauperum
981 2326 1195 2402 humilem.“
1234 2327 1337 2403 Inter
1365 2329 1491 2404 verbis

376 2477 503 2532 eorum
532 2456 707 2552 apparuit
733 2479 819 2530 mox
847 2455 913 2529 ille
941 2454 999 2530 vir
1017 2455 1165 2529 nomine
1183 2455 1372 2532 Vrbanus.
1393 2453 1492 2546 Quia

377 2581 462 2656 Rex
481 2579 627 2658 audiuit
642 2582 690 2656 ab
704 2581 829 2678 Judice
858 2579 1275 2678 Zeglrediense·verum
1293 2603 1398 2676 esse,
1429 2581 1490 2656 do·

376 2708 481 2783 nauit
499 2714 537 2782 et
554 2709 726 2784 contullit
743 2731 854 2783 vnum
874 2708 1044 2782 villulam
1064 2707 1136 2783 sibi
1156 2709 1386 2806 imperpetue
1405 2731 1490 2808 pro·

375 2842 459 2935 pter
476 2835 688 2911 libertatem
707 2841 745 2908 ct
762 2833 1025 2927 donacionem,
1055 2855 1222 2931 paupero
1254 2836 1490 2933 expedieram

377 2962 549 3039 odomino
570 2962 796 3036 cancellario
817 2959 1008 3057 Stephano
1029 2959 1242 3058 Verbwchj.

482 3086 694 3184 Antequam
722 3087 821 3164 inter
849 3085 1012 3162 curiales
1049 3085 1203 3181 vigebat
1235 3089 1356 3183 fama,
1396 3087 1491 3186 quod

378 3215 525 3292 Turous
553 3216 778 3293 Valentinus
797 3217 834 3290 in
855 3213 1010 3309 Zeghed
1038 3223 1149 3311 caput
1177 3238 1283 3291 sunm
1307 3217 1406 3312 nigri
1425 3216 1491 3292 ho·

377 3342 488 3418 minis
507 3349 737 3441 amputasset
756 3367 837 3418 cum
866 3345 1007 3440 milicia
1032 3367 1112 3422 sua.
1142 3342 1217 3419 Sed
1235 3366 1310 3420 non
1328 3344 1400 3419 fuit
1419 3344 1491 3436 ita;

377 3475 415 3543 et
441 3475 528 3568 post
545 3469 640 3565 hac,
671 3471 768 3568 quod
795 3474 1002 3550 sensissent
1028 3479 1183 3550 mortem
1211 3471 1346 3549 Jowan
1374 3466 1491 3546 Chari

379 3596 522 3672 curiale
558 3597 678 3693 Regio
708 3597 920 3695 Majestatis
948 3609 986 3676 et
1012 3600 1257 3677 communitas
1294 3596 1489 3687 Budensis

379 3730 558 3823 ceperunt
586 3723 709 3800 ridere
733 3732 770 3798 et
801 3727 973 3823 loquere,
1003 3727 1102 3824 quod
1128 3726 1238 3802 morti
1264 3723 1426 3799 hominis
1454 3723 1491 3796 in

379 3851 476 3926 lecto
512 3853 608 3927 bene
643 3851 827 3949 potuisset
863 3861 1056 3952 amputare
1094 3859 1206 3952 caput
1242 3854 1491 3948 cujuscunque

286 3973 289 3984 ’
379 3977 510 4054 mortis
537 3977 764 4055 Valentinus
792 3979 948 4056 Turous.
989 3979 1098 4071 Quod
1133 3979 1280 4054 audien.
1313 3976 1489 4075 pudorem

310 4177 313 4186 .
380 4127 464 4180 cum
490 4105 653 4180 maxima
681 4108 905 4183 verecundia
937 4109 1037 4207 cepit
1065 4108 1270 4200 sustinere,
1292 4112 1330 4179 et
1348 4103 1489 4179 demum

380 4231 427 4307 de
445 4231 614 4330 hospicio
640 4231 778 4308 domini
797 4235 855 4310 sui
874 4235 1074 4333 nequiebat
1097 4241 1204 4310 extra
1231 4231 1370 4326 venire,
1389 4226 1479 4330 ΜΓ·

280 4347 282 4354 ’
381 4364 419 4432 et
435 4358 474 4433 in
494 4357 706 4435 obrobrium
723 4358 844 4456 Regia
864 4359 1076 4458 Majestatis
1095 4361 1248 4436 exilium
1266 4355 1384 4434 eciam
1403 4355 1491 4431 lecit

379 4486 419 4561 in
436 4507 512 4560 vna
529 4491 637 4561 nocte
656 4485 700 4560 de
720 4485 838 4562 Buda.
868 4485 952 4562 Tm.
972 4487 1145 4562 admirati
1163 4485 1300 4562 fuimus
1317 4505 1424 4559 mane
1442 4480 1490 4556 ad

417 4773 448 4848 fl)
468 4771 547 4829 Aaou
567 4773 620 4836 „ad
639 4772 758 4827 tercium
776 4771 877 4827 diem.“
