3248 5210
1162 479 1213 558 bb

126 673 374 754 Christianitas
401 676 473 754 crit
491 676 531 754 in
549 699 687 774 magna
713 678 955 758 disturbicne.
984 680 1036 756 Et
1061 681 1117 757 nil
1134 705 1214 758 cre·

125 801 227 880 debat
256 803 308 878 Et
336 809 534 901 antequam
555 806 594 880 in
611 805 730 883 tribus
757 807 866 883 annis
893 815 1089 884 senserant
1115 809 1214 886 obsi-

125 930 195 1005 dere
212 930 361 1006 erchem
387 931 543 1008 Nandor
560 956 628 1031 per
655 931 832 1010 Cesarcm
859 933 1083 1033 ancarum,
1112 937 1216 1014 ciues

126 1056 465 1136 berder-Albenses
493 1067 531 1134 ct
558 1059 829 1138 Zemlinienses
862 1069 900 1136 et
927 1062 1213 1140 Zalonlremeni·

127 1207 230 1280 enses,
248 1185 313 1281 qui
338 1186 578 1284 peculiariter
596 1208 724 1264 omnes
751 1189 1008 1286 nanandcnes,
1036 1199 1219 1274 venerant

127 1311 164 1386 sd
185 1311 403 1388 adiuuamen
430 1335 564 1408 rogare
593 1313 881 1391 mansionariam
909 1339 1036 1394 eornm
1056 1341 1079 1392 a
1098 1318 1215 1414 Rege.

127 1437 195 1513 Ber
210 1439 394 1540 dirigebat
413 1463 479 1516 ecs
497 1439 546 1514 ad
563 1440 840 1519 thesaurarium
866 1445 1026 1520 Paulum
1045 1447 1214 1545 preposi-

126 1568 244 1644 tumin
271 1566 311 1644 S.
340 1565 600 1662 Sigismund03
630 1569 712 1666 ipse
745 1570 892 1666 quidem
925 1594 1036 1648 vnum
1062 1595 1217 1671 puerum

126 1695 361 1772 discentistam
378 1718 453 1771 non
472 1693 636 1772 dedisset
661 1719 775 1795 super
804 1721 931 1775 omnes
960 1722 1037 1776 ecs.
1067 1699 1119 1775 Et
1136 1701 1217 1799 ipse

127 1823 205 1899 buo
223 1846 305 1900 cum
324 1823 459 1923 papira
476 1823 648 1918 tergebat
665 1824 829 1900 naticam
855 1847 983 1922 snam,
1004 1836 1041 1902 et
1059 1827 1114 1903 sic
1131 1851 1217 1925 pro·

126 1949 230 2025 icebat
247 1950 395 2026 sordem
414 1971 520 2024 suam
539 1948 739 2026 adfaciem
754 1952 994 2031 militonibus.
1014 1953 1219 2030 Nesciebat

126 2081 217 2170 utro,
230 2079 268 2153 in
277 2078 460 2154 limitibus
477 2076 662 2175 quomode
681 2085 799 2155 staret
818 2079 990 2176 Regnum
1009 2079 1218 2177 Hungarie,

126 2208 179 2284 scd
202 2207 364 2284 habebat
389 2205 522 2304 pocius
555 2205 717 2281 curiales
752 2229 844 2284 snos
872 2215 910 2282 et
936 2208 1074 2284 milites
1100 2209 1220 2284 bonos

23 2307 24 2344 ³
126 2337 205 2410 iuter
214 2333 493 2410 meretricarum
512 2333 668 2429 Buden.;
688 2332 863 2409 videlicet
871 2335 1015 2433 primus
1025 2335 1220 2432 Koaimor,
1337 2401 1342 2411 .

125 2462 293 2538 secundus
320 2457 481 2556 Marcis,
509 2461 649 2536 tercius
674 2460 844 2538 Joannes
873 2463 1025 2562 Pechij‚
1046 2471 1084 2539 et
1102 2465 1158 2542 sic
1176 2463 1220 2538 de
1311 2444 1318 2458 ⁸

126 2591 280 2686 singulis.
309 2587 402 2664 Inde
430 2587 611 2662 Traciani
630 2592 667 2662 et
685 2585 877 2684 Hungari,
897 2591 960 2686 qui
979 2592 1156 2690 petebant
1173 2592 1221 2664 ab

126 2717 194 2814 ipsu
218 2716 429 2794 innacionis
447 2715 607 2792 utribus
635 2715 745 2792 annis
763 2723 963 2813 antequam
992 2718 1221 2795 obsidionem

126 2844 209 2922 ereis
226 2843 396 2943 predicti.
423 2839 547 2932 Quum
566 2863 637 2937 ego
658 2843 801 2918 fueram
821 2844 876 2920 cis
894 2852 1096 2943 cognatus,
1125 2868 1220 2921 sem·

23 3019 25 3046 .
127 2996 182 3070 per
198 2995 255 3046 me
272 2993 409 3066 rogare
428 2969 601 3056 solebant
618 2970 908 3067 suplicacionem
927 2971 1092 3048 scribere
1111 2979 1148 3046 et
1166 2972 1221 3046 in-

23 3083 24 3094 *
124 3105 309 3198 terpretem
337 3119 405 3196 per
432 3097 601 3193 linguam
628 3096 856 3173 'Precianam
874 3095 932 3199 Ἣ
957 3099 1014 3174 eis
1041 3099 1222 3198 interpre-

125 3233 194 3301 tare
219 3227 408 3320 solebam3
436 3231 474 3300 et
501 3223 722 3320 singillatim
747 3248 805 3299 me
824 3226 1043 3324 noscebant,
1071 3235 1224 3327 propter

126 3353 186 3430 lec
194 3353 291 3451 quod
299 3351 570 3446 terrigenarum
581 3350 736 3426 fueram.
748 3351 800 3425 Et
809 3350 980 3429 dicebant
1002 3358 1223 3451 „Gr'y'crqc‘jw

23 3493 24 3584 j
124 3492 329 3578 superlato,
348 3485 458 3574 aamij
477 3489 658 3554 strametw
678 3485 780 3573 caing
799 3485 1082 3576 uoculccgrimi
1099 3491 1223 3556 selre-

23 3617 24 3700 3
126 3613 195 3682 late
211 3611 383 3702 beiuqrcd
400 3608 540 3681 trabale
559 3604 737 3697 cbcrcw,“
767 3604 838 3680 hcc
866 3605 1066 3682 dicebant:
1090 3605 1224 3702 „Pres·

23 3807 24 3820 ,
124 3735 226 3830 hilar,
256 3733 346 3831 quid
369 3731 439 3806 hec
465 3730 565 3828 quod
591 3731 698 3807 nobis
726 3730 819 3807 talia
845 3731 1027 3810 dedecora
1054 3732 1159 3832 ponit
1177 3731 1225 3806 ud

126 3861 232 3940 iacies
249 3863 434 3940 nostras.“
467 3863 551 3958 Ego
572 3860 650 3936 dini
670 3889 679 3936 ε
703 3861 813 3960 „Non
841 3862 1036 3940 honestum
1061 3871 1138 3958 est,
1158 3862 1225 3938 sed

23 3983 24 4036 ³
128 3989 352 4068 inhonestum
371 3989 463 4066 est.“
483 3989 535 4064 Et
551 3987 601 4062 ad
618 3987 763 4085 Regem
781 4011 927 4066 rursum
946 3990 1105 4086 inerunt,
1125 3997 1162 4063 et
1179 3987 1226 4062 ad

23 4207 24 4210 Ἴ
129 4116 257 4214 Regem
285 4117 393 4216 ipsos
411 4139 485 4192 nen
512 4115 810 4211 intromiserunt,
839 4116 906 4192 sed
933 4115 1112 4191 vexillum
1130 4115 1225 4210 liga-

127 4254 249 4322 uerunt
274 4253 362 4320 ante
389 4251 534 4342 portam
563 4244 662 4320 arcis
692 4243 887 4320 Budensls.
916 4241 1057 4338 Quum,
1088 4242 1227 4318 domini

23 4447 24 4472 Ν
129 4373 211 4468 mci,
240 4393 392 4472 possum
411 4371 557 4466 dicere,
585 4371 685 4470 quod
703 4368 823 4448 Oesar
841 4369 1049 4446 Turcarnm
1068 4393 1142 4445 non
1160 4369 1226 4444 ha-

23 4501 24 4538 l
129 4499 231 4578 babet
246 4521 359 4600 super
376 4497 530 4576 fluuium
559 4498 776 4576 Danubium
804 4497 901 4574 sicut
917 4496 1001 4573 Rex
1021 4495 1226 4592 Hungarie.

23 4629 24 4648 ¹
130 4623 171 4699 Et
197 4626 297 4704 inira
331 4632 573 4704 cucurrerunt
599 4625 650 4700 ad
675 4647 793 4702 naues
828 4623 1088 4722 naaandcnes,
1116 4632 1228 4700 etex

130 4761 272 4851 rusque
299 4761 407 4853 parte
431 4751 605 4851 quicquid
632 4759 829 4850 potuerant
865 4774 997 4850 rapere
1020 4753 1227 4853 rapiebant.
