3248 5210
1144 483 1220 563 123

131 681 399 776 Interrogabant
426 702 492 756 eos
528 682 757 776 Germanos,
787 688 825 756 et
851 682 905 757 nil
933 681 1220 780 respondebant,

130 807 201 904 quia
226 807 405 882 timebant
432 808 481 882 ab
508 805 722 903 Hungaris,
749 831 796 883 ne
825 809 928 906 ipsos
956 808 1220 907 despoliarent.

130 932 222 1024 Quod
238 955 320 1008 oum
339 933 557 1030 sensissent,
577 933 641 1032 qui
660 933 1024 1035 erantohaplarones
1042 937 1221 1032 latrones,

130 1061 293 1136 multaab
312 1061 368 1138 eis
386 1066 564 1160 oeperunt
582 1060 798 1159 depredare.

212 1183 254 1238 ³⁶·
264 1185 303 1288 iv·
320 1187 469 1264 Extuno
477 1187 627 1285 Regina
637 1187 763 1264 Maria
771 1187 817 1264 de
827 1211 914 1265 aree
924 1188 1032 1264 Buda
1040 1189 1222 1285 quinqua-

130 1315 220 1410 ginta
236 1313 421 1411 equitibus
441 1315 633 1412 equitabat
650 1337 719 1414 per
732 1315 887 1412 januam
905 1314 1037 1411 Logod
1055 1337 1137 1390 eum
1157 1337 1237 1390 an-.

131 1441 215 1518 uillis
232 1442 331 1536 suis,
362 1448 400 1516 et
417 1443 608 1538 quaelibet
634 1443 825 1521 iuoeruam
853 1442 1044 1518 ardentem
1062 1441 1227 1518 habebat

130 1567 161 1642 in
176 1568 343 1645 manibus
370 1569 471 1664 suis3
500 1573 538 1644 et
564 1569 668 1646 stetit
694 1569 844 1667 Regina
862 1569 901 1644 in
919 1567 1071 1664 Logod,
1100 1574 1142 1642 vt
1160 1591 1224 1642 ex-

130 1702 281 1794 pectaret
297 1694 576 1774 thesaurarium
594 1696 640 1772 de
659 1696 823 1773 ciuitate.
844 1697 895 1772 Et
903 1694 1093 1771 babitaoio
1108 1716 1225 1793 prope

26 1887 27 1908 ,
129 1823 251 1898 domini
280 1821 555 1923 archiepiscopi
583 1821 855 1920 strigoniensis
883 1829 982 1918 erat,
1008 1828 1046 1898 et
1063 1820 1228 1899 habebat

26 1977 27 1984 ¹
130 1951 272 2026 trioenta
289 1951 377 2050 plus
395 1973 506 2049 quam
533 1951 686 2028 insimul
714 1951 858 2048 equites
876 1958 914 2028 et
931 1950 1098 2050 pedites,
1119 1959 1157 2026 et
1174 1952 1229 2027 ita

26 2103 27 2160 t
130 2077 354 2154 vehementer
372 2076 559 2154 vehebant
568 2100 682 2177 super
691 2077 856 2155 humeris
869 2076 1092 2154 thezaurum
1103 2077 1228 2156 'I'bur-

26 2183 27 2212 ¹
130 2205 203 2280 zoni
221 2211 258 2280 et
274 2226 350 2279 non
367 2225 487 2300 usque
506 2203 554 2279 ad
572 2199 748 2305 se(x)tam
758 2201 901 2279 horam.
913 2201 1036 2294 Quum
1045 2215 1229 2292 senserat,

130 2332 215 2430 quod
227 2335 306 2430 jam
325 2352 463 2407 aurora
481 2331 634 2427 exarsit,
653 2336 741 2430 post
757 2329 830 2406 hoo
847 2329 1026 2408 mitebant
1042 2331 1088 2406 de
1106 2341 1230 2410 monte

26 2555 28 2584 ι
130 2459 225 2536 Euda
242 2460 283 2536 in
299 2479 395 2535 uasa
422 2459 545 2554 tigrea
569 2461 664 2536 bene
690 2459 911 2557 repagulam
933 2457 980 2532 ad
998 2460 1137 2536 vallem
1155 2460 1229 2538 Lo-

130 2587 194 2681 god
217 2609 279 2666 res
304 2587 497 2686 pretiosas
525 2591 563 2664 et
588 2584 820 2662 thesaurum.
850 2583 973 2676 Quum
999 2586 1073 2660 iam
1095 2593 1132 2662 et
1149 2612 1229 2665 sar-

26 2709 28 2792 i
130 2713 232 2790 einati
250 2719 357 2788 erant
375 2734 491 2811 super
508 2732 623 2809 equos
642 2717 680 2787 et
697 2709 904 2807 quadrigas
923 2711 1071 2805 multas,
1091 2717 1129 2787 et
1145 2719 1232 2809 post

131 2839 190 2916 hee
206 2845 450 2939 perrexerunt
467 2837 515 2913 ad
532 2839 604 2914 iter
622 2860 756 2916 versus
773 2821 970 2916 Viennam.
987 2837 1038 2911 Et
1049 2836 1230 2913 Germani

131 2989 247 3044 omnes
264 2990 348 3043 oum
366 2967 423 3042 eis
440 2965 647 3060 Budenses,
666 2970 707 3038 vt
725 2964 796 3040 hoo
815 2966 923 3041 ambo
942 2986 1010 3062 per
1026 2964 1230 3041 fenestram

26 3129 27 3146 ι
131 3093 364 3170 intuebamus.
385 3091 478 3167 Inde
496 3090 645 3188 quidem
664 3089 838 3186 Hungari
857 3091 911 3166 nil
930 3092 1174 3167 mouebantur
1192 3091 1232 3166 in

132 3219 370 3318 semetipsis,
395 3217 484 3314 quia
503 3216 707 3294 domestioa
733 3238 829 3312 gens
848 3223 929 3293 erat
947 3223 985 3292 et
1007 3240 1232 3314 eognosoere

26 3359 27 3392 ³
132 3346 239 3422 solam
256 3345 424 3441 linguam
443 3339 731 3444 (Hungarioam)
750 3341 949 3419 habebant.

26 3471 27 3508 ¹
225 3472 276 3548 Et
316 3468 386 3574 (in)
427 3469 576 3548 Joanne
612 3468 774 3546 vaiuoda
801 3468 997 3546 Budenses
1033 3475 1071 3544 et
1107 3469 1229 3546 Pesti-

133 3623 233 3678 ensas
250 3599 486 3677 confidebant
503 3605 541 3674 to
561 3621 604 3674 ao
623 3593 669 3698 *).
699 3595 789 3697 Ipse
806 3595 954 3694 quidem
977 3599 1087 3694 juxta
1104 3595 1234 3672 fluium

26 3775 27 3798 t
134 3733 221 3811 'liza
237 3754 307 3833 pro
326 3728 454 3828 spaoio
482 3727 710 3803 morabatur.
740 3724 885 3800 Etiam
903 3724 1084 3821 fugitores
1102 3724 1177 3800 iam
1196 3727 1234 3802 in

135 3859 372 3952 oratoria,
402 3861 439 3932 et
465 3856 503 3932 in
531 3854 663 3932 sabato
701 3873 820 3950 usque
854 3851 902 3928 ad
938 3859 1108 3928 octauam
1136 3852 1233 3928 diem

135 3986 377 4066 confliooionis
405 3983 626 4080 paternatim
655 3980 857 4056 veniebant
884 3979 1101 4057 christicola
1127 4003 1234 4078 gens,

136 4116 190 4212 qni
206 4112 397 4211 Hungari,
418 4110 482 4209 qui
501 4109 678 4203 Bobami,
697 4107 762 4205 qui
781 4103 983 4201 Germani,
1003 4107 1068 4204 qui
1087 4107 1234 4203 Poloni,

26 4319 27 4332 ,
137 4243 190 4339 qui
207 4241 391 4342 pedester,
412 4238 599 4338 quisuper
617 4259 744 4335 equos,
765 4241 803 4310 et
820 4235 1120 4331 interrogabant:
1135 4235 1236 4334 „Vbi

138 4377 186 4444 est
199 4369 367 4447 Joannes
383 4363 547 4443 vaiuoda
564 4357 870 4442 'transsumam

167 4633 196 4699 ⁵)
213 4631 342 4691 maenti
361 4631 415 4692 ken
434 4629 506 4688 titel
525 4628 679 4690 kittrolva.
