<?xml version="1.0" encoding="UTF-8"?>
<!DOCTYPE html PUBLIC "-//W3C//DTD XHTML 1.0 Transitional//EN"
    "http://www.w3.org/TR/xhtml1/DTD/xhtml1-transitional.dtd">
<html xmlns="http://www.w3.org/1999/xhtml" xml:lang="en" lang="en">
 <head>
  <title>
</title>
<meta http-equiv="Content-Type" content="text/html;charset=utf-8" />
  <meta name='ocr-system' content='tesseract 3.04.00' />
  <meta name='ocr-capabilities' content='ocr_page ocr_carea ocr_par ocr_line ocrx_word'/>
</head>
<body>
  <div class='ocr_page' id='page_1' title='image "./emlkiratamagyar00wenzgoog_0242.png"; bbox 0 0 3226 5220; ppageno 0'>
   <div class='ocr_carea' id='block_1_1' title="bbox 1153 583 1227 662">
    <p class='ocr_par' dir='ltr' id='par_1_1' title="bbox 1153 583 1227 662">
     <span class='ocr_line' id='line_1_1' title="bbox 1153 583 1227 662; baseline 0.027 -2"><span class='ocrx_word' id='word_1_1' title='bbox 1153 583 1227 662; x_wconf 81' lang='lat'>195</span> 
     </span>
    </p>
   </div>
   <div class='ocr_carea' id='block_1_2' title="bbox 124 778 1229 1761">
    <p class='ocr_par' dir='ltr' id='par_1_2' title="bbox 124 778 1229 1761">
     <span class='ocr_line' id='line_1_2' title="bbox 221 778 1228 881; baseline 0.001 -26"><span class='ocrx_word' id='word_1_2' title='bbox 221 778 302 856; x_wconf 91' lang='lat' dir='ltr'>Hec</span> <span class='ocrx_word' id='word_1_3' title='bbox 318 803 401 856; x_wconf 91' lang='lat' dir='ltr'>cum</span> <span class='ocrx_word' id='word_1_4' title='bbox 420 778 727 878; x_wconf 89' lang='lat' dir='ltr'>pronuncciasset</span> <span class='ocrx_word' id='word_1_5' title='bbox 744 781 1003 881; x_wconf 88' lang='lat' dir='ltr'>paralimphus</span> <span class='ocrx_word' id='word_1_6' title='bbox 1022 783 1228 859; x_wconf 86' lang='lat' dir='ltr'>Alemanus</span> 
     </span>
     <span class='ocr_line' id='line_1_3' title="bbox 126 905 1229 1003; baseline 0.003 -25"><span class='ocrx_word' id='word_1_7' title='bbox 126 929 240 982; x_wconf 85' lang='lat' dir='ltr'>coram</span> <span class='ocrx_word' id='word_1_8' title='bbox 259 905 587 1002; x_wconf 84' lang='lat' dir='ltr'>Cassouiensibus,</span> <span class='ocrx_word' id='word_1_9' title='bbox 608 905 750 1003; x_wconf 81' lang='lat' dir='ltr'>placuit</span> <span class='ocrx_word' id='word_1_10' title='bbox 766 905 823 982; x_wconf 89' lang='lat' dir='ltr'>eis</span> <span class='ocrx_word' id='word_1_11' title='bbox 843 915 880 980; x_wconf 90' lang='lat' dir='ltr'>et</span> <span class='ocrx_word' id='word_1_12' title='bbox 898 931 983 982; x_wconf 86' lang='lat' dir='ltr'>mox</span> <span class='ocrx_word' id='word_1_13' title='bbox 1003 909 1229 984; x_wconf 84' lang='lat' dir='ltr'>adheserunt</span> 
     </span>
     <span class='ocr_line' id='line_1_4' title="bbox 125 1031 1227 1131; baseline 0.002 -27"><span class='ocrx_word' id='word_1_14' title='bbox 125 1031 169 1106; x_wconf 88' lang='lat' dir='ltr'>ad</span> <span class='ocrx_word' id='word_1_15' title='bbox 186 1041 325 1131; x_wconf 86' lang='lat' dir='ltr'>partem</span> <span class='ocrx_word' id='word_1_16' title='bbox 354 1032 596 1110; x_wconf 87' lang='lat' dir='ltr'>Ferdinandi.</span> <span class='ocrx_word' id='word_1_17' title='bbox 628 1032 678 1106; x_wconf 79' lang='lat' dir='ltr'>ut</span> <span class='ocrx_word' id='word_1_18' title='bbox 696 1054 792 1107; x_wconf 87' lang='lat' dir='ltr'>vnus</span> <span class='ocrx_word' id='word_1_19' title='bbox 811 1040 893 1107; x_wconf 89' lang='lat' dir='ltr'>crat</span> <span class='ocrx_word' id='word_1_20' title='bbox 911 1033 1007 1110; x_wconf 93' lang='lat' dir='ltr'>inter</span> <span class='ocrx_word' id='word_1_21' title='bbox 1026 1057 1091 1110; x_wconf 91' lang='lat' dir='ltr'>eos</span> <span class='ocrx_word' id='word_1_22' title='bbox 1110 1033 1227 1110; x_wconf 84' lang='lat' dir='ltr'>Joau-</span> 
     </span>
     <span class='ocr_line' id='line_1_5' title="bbox 124 1155 1228 1264; baseline 0.002 -33"><span class='ocrx_word' id='word_1_23' title='bbox 124 1181 186 1234; x_wconf 88' lang='lat' dir='ltr'>nes</span> <span class='ocrx_word' id='word_1_24' title='bbox 202 1158 405 1256; x_wconf 88' lang='lat' dir='ltr'>Sauklich,</span> <span class='ocrx_word' id='word_1_25' title='bbox 427 1167 464 1234; x_wconf 90' lang='lat' dir='ltr'>ct</span> <span class='ocrx_word' id='word_1_26' title='bbox 482 1159 630 1235; x_wconf 90' lang='lat' dir='ltr'>dicebat</span> <span class='ocrx_word' id='word_1_27' title='bbox 648 1159 752 1234; x_wconf 92' lang='lat' dir='ltr'>solus</span> <span class='ocrx_word' id='word_1_28' title='bbox 773 1185 781 1232; x_wconf 93' lang='lat'>:</span> <span class='ocrx_word' id='word_1_29' title='bbox 806 1155 940 1256; x_wconf 83' lang='lat' dir='ltr'>„Quod</span> <span class='ocrx_word' id='word_1_30' title='bbox 958 1183 1030 1264; x_wconf 88' lang='lat' dir='ltr'>non</span> <span class='ocrx_word' id='word_1_31' title='bbox 1050 1161 1228 1236; x_wconf 90' lang='lat' dir='ltr'>debemus</span> 
     </span>
     <span class='ocr_line' id='line_1_6' title="bbox 127 1283 1227 1381; baseline 0.002 -24"><span class='ocrx_word' id='word_1_32' title='bbox 127 1284 298 1362; x_wconf 86' lang='lat' dir='ltr'>adherere</span> <span class='ocrx_word' id='word_1_33' title='bbox 318 1293 357 1360; x_wconf 87' lang='lat' dir='ltr'>et</span> <span class='ocrx_word' id='word_1_34' title='bbox 375 1285 423 1362; x_wconf 86' lang='lat' dir='ltr'>ad</span> <span class='ocrx_word' id='word_1_35' title='bbox 442 1283 739 1381; x_wconf 87' lang='lat' dir='ltr'>Ferdinaudum,</span> <span class='ocrx_word' id='word_1_36' title='bbox 768 1285 856 1381; x_wconf 89' lang='lat' dir='ltr'>quia</span> <span class='ocrx_word' id='word_1_37' title='bbox 883 1285 1021 1362; x_wconf 88' lang='lat' dir='ltr'>erimus</span> <span class='ocrx_word' id='word_1_38' title='bbox 1048 1285 1227 1378; x_wconf 84' lang='lat' dir='ltr'>infideles,</span> 
     </span>
     <span class='ocr_line' id='line_1_7' title="bbox 124 1410 1225 1510; baseline 0.007 -26"><span class='ocrx_word' id='word_1_39' title='bbox 124 1410 252 1488; x_wconf 89' lang='lat' dir='ltr'>domini</span> <span class='ocrx_word' id='word_1_40' title='bbox 280 1413 364 1487; x_wconf 91' lang='lat' dir='ltr'>mei.</span> <span class='ocrx_word' id='word_1_41' title='bbox 394 1410 492 1504; x_wconf 80' lang='lat' dir='ltr'>Quia</span> <span class='ocrx_word' id='word_1_42' title='bbox 519 1412 669 1506; x_wconf 85' lang='lat' dir='ltr'>sciatis,</span> <span class='ocrx_word' id='word_1_43' title='bbox 705 1411 861 1508; x_wconf 90' lang='lat' dir='ltr'>quodsi</span> <span class='ocrx_word' id='word_1_44' title='bbox 890 1411 1122 1510; x_wconf 89' lang='lat' dir='ltr'>intempore</span> <span class='ocrx_word' id='word_1_45' title='bbox 1151 1441 1225 1493; x_wconf 92' lang='lat' dir='ltr'>uon</span> 
     </span>
     <span class='ocr_line' id='line_1_8' title="bbox 126 1537 1226 1642; baseline 0.005 -31"><span class='ocrx_word' id='word_1_46' title='bbox 126 1538 294 1614; x_wconf 88' lang='lat' dir='ltr'>acciderit</span> <span class='ocrx_word' id='word_1_47' title='bbox 312 1538 441 1634; x_wconf 86' lang='lat' dir='ltr'>aliqua</span> <span class='ocrx_word' id='word_1_48' title='bbox 456 1537 642 1635; x_wconf 83' lang='lat' dir='ltr'>pernicies</span> <span class='ocrx_word' id='word_1_49' title='bbox 658 1559 771 1634; x_wconf 88' lang='lat' dir='ltr'>super</span> <span class='ocrx_word' id='word_1_50' title='bbox 780 1559 866 1632; x_wconf 88' lang='lat' dir='ltr'>nos;</span> <span class='ocrx_word' id='word_1_51' title='bbox 886 1537 953 1612; x_wconf 94' lang='lat' dir='ltr'>sed</span> <span class='ocrx_word' id='word_1_52' title='bbox 971 1537 1092 1612; x_wconf 90' lang='lat' dir='ltr'>adhuc</span> <span class='ocrx_word' id='word_1_53' title='bbox 1110 1537 1226 1642; x_wconf 87' lang='lat' dir='ltr'>po(st)</span> 
     </span>
     <span class='ocr_line' id='line_1_9' title="bbox 124 1663 1227 1761; baseline 0.002 -21"><span class='ocrx_word' id='word_1_54' title='bbox 124 1665 306 1741; x_wconf 81' lang='lat' dir='ltr'>decessum</span> <span class='ocrx_word' id='word_1_55' title='bbox 325 1672 535 1740; x_wconf 89' lang='lat' dir='ltr'>nostrorum</span> <span class='ocrx_word' id='word_1_56' title='bbox 554 1663 729 1738; x_wconf 88' lang='lat' dir='ltr'>accididit</span> <span class='ocrx_word' id='word_1_57' title='bbox 746 1663 933 1761; x_wconf 79' lang='lat' dir='ltr'>pernicies</span> <span class='ocrx_word' id='word_1_58' title='bbox 950 1664 1094 1740; x_wconf 92' lang='lat' dir='ltr'>demum</span> <span class='ocrx_word' id='word_1_59' title='bbox 1111 1668 1227 1742; x_wconf 86' lang='lat' dir='ltr'>eciam</span> 
     </span>
    </p>
   </div>
   <div class='ocr_carea' id='block_1_3' title="bbox 124 1791 1334 1890">
    <p class='ocr_par' dir='ltr' id='par_1_3' title="bbox 124 1791 1334 1890">
     <span class='ocr_line' id='line_1_10' title="bbox 124 1791 1334 1890; baseline -0.002 -25"><span class='ocrx_word' id='word_1_60' title='bbox 124 1813 226 1890; x_wconf 89' lang='lat' dir='ltr'>super</span> <span class='ocrx_word' id='word_1_61' title='bbox 243 1792 343 1868; x_wconf 84' lang='lat' dir='ltr'>tilios</span> <span class='ocrx_word' id='word_1_62' title='bbox 362 1799 522 1868; x_wconf 91' lang='lat' dir='ltr'>nostros.</span> <span class='ocrx_word' id='word_1_63' title='bbox 545 1791 661 1887; x_wconf 82' lang='lat' dir='ltr'>Ergo,</span> <span class='ocrx_word' id='word_1_64' title='bbox 682 1791 820 1866; x_wconf 91' lang='lat' dir='ltr'>domini</span> <span class='ocrx_word' id='word_1_65' title='bbox 840 1791 924 1886; x_wconf 82' lang='lat' dir='ltr'>mei,</span> <span class='ocrx_word' id='word_1_66' title='bbox 946 1814 1020 1866; x_wconf 92' lang='lat' dir='ltr'>non</span> <span class='ocrx_word' id='word_1_67' title='bbox 1038 1791 1228 1870; x_wconf 88' lang='lat' dir='ltr'>videretur</span> <span class='ocrx_word' id='word_1_68' title='bbox 1329 1855 1334 1862; x_wconf 91' lang='lat'>.</span> 
     </span>
    </p>
   </div>
   <div class='ocr_carea' id='block_1_4' title="bbox 100 1919 1229 4804">
    <p class='ocr_par' dir='ltr' id='par_1_4' title="bbox 100 1919 1229 4804">
     <span class='ocr_line' id='line_1_11' title="bbox 125 1919 1226 2018; baseline 0.001 -24"><span class='ocrx_word' id='word_1_69' title='bbox 125 1919 216 2015; x_wconf 85' lang='lat' dir='ltr'>mihi,</span> <span class='ocrx_word' id='word_1_70' title='bbox 235 1921 333 2018; x_wconf 90' lang='lat' dir='ltr'>quod</span> <span class='ocrx_word' id='word_1_71' title='bbox 351 1921 587 2018; x_wconf 87' lang='lat' dir='ltr'>appellamur</span> <span class='ocrx_word' id='word_1_72' title='bbox 606 1919 833 2015; x_wconf 88' lang='lat' dir='ltr'>detratores,</span> <span class='ocrx_word' id='word_1_73' title='bbox 855 1926 892 1994; x_wconf 89' lang='lat' dir='ltr'>et</span> <span class='ocrx_word' id='word_1_74' title='bbox 910 1919 1065 2016; x_wconf 84' lang='lat' dir='ltr'>pessimi</span> <span class='ocrx_word' id='word_1_75' title='bbox 1085 1943 1226 1996; x_wconf 90' lang='lat' dir='ltr'>merca-</span> 
     </span>
     <span class='ocr_line' id='line_1_12' title="bbox 125 2045 1224 2144; baseline 0.004 -26"><span class='ocrx_word' id='word_1_76' title='bbox 125 2055 215 2124; x_wconf 84' lang='lat' dir='ltr'>tores</span> <span class='ocrx_word' id='word_1_77' title='bbox 237 2048 412 2124; x_wconf 88' lang='lat' dir='ltr'>crimus.“</span> <span class='ocrx_word' id='word_1_78' title='bbox 444 2045 568 2138; x_wconf 83' lang='lat' dir='ltr'>Quum</span> <span class='ocrx_word' id='word_1_79' title='bbox 596 2070 666 2143; x_wconf 82' lang='lat' dir='ltr'>ego</span> <span class='ocrx_word' id='word_1_80' title='bbox 696 2069 821 2122; x_wconf 86' lang='lat' dir='ltr'>coram</span> <span class='ocrx_word' id='word_1_81' title='bbox 848 2047 1014 2144; x_wconf 88' lang='lat' dir='ltr'>ipsorum</span> <span class='ocrx_word' id='word_1_82' title='bbox 1042 2049 1224 2142; x_wconf 84' lang='lat' dir='ltr'>astabam,</span> 
     </span>
     <span class='ocr_line' id='line_1_13' title="bbox 128 2171 1226 2272; baseline 0.002 -26"><span class='ocrx_word' id='word_1_83' title='bbox 128 2171 195 2246; x_wconf 87' lang='lat' dir='ltr'>dixi</span> <span class='ocrx_word' id='word_1_84' title='bbox 213 2173 288 2249; x_wconf 89' lang='lat' dir='ltr'>cis:</span> <span class='ocrx_word' id='word_1_85' title='bbox 313 2172 489 2272; x_wconf 82' lang='lat' dir='ltr'>„Domini</span> <span class='ocrx_word' id='word_1_86' title='bbox 508 2173 603 2268; x_wconf 84' lang='lat' dir='ltr'>mei,</span> <span class='ocrx_word' id='word_1_87' title='bbox 624 2173 656 2247; x_wconf 91' lang='lat' dir='ltr'>si</span> <span class='ocrx_word' id='word_1_88' title='bbox 684 2172 755 2248; x_wconf 90' lang='lat' dir='ltr'>hoc</span> <span class='ocrx_word' id='word_1_89' title='bbox 784 2172 961 2268; x_wconf 82' lang='lat' dir='ltr'>egeritis,</span> <span class='ocrx_word' id='word_1_90' title='bbox 981 2195 1075 2268; x_wconf 86' lang='lat' dir='ltr'>quas</span> <span class='ocrx_word' id='word_1_91' title='bbox 1102 2175 1226 2270; x_wconf 84' lang='lat' dir='ltr'>profe-</span> 
     </span>
     <span class='ocr_line' id='line_1_14' title="bbox 128 2297 1229 2400; baseline 0.004 -28"><span class='ocrx_word' id='word_1_92' title='bbox 128 2300 216 2374; x_wconf 88' lang='lat' dir='ltr'>rauit</span> <span class='ocrx_word' id='word_1_93' title='bbox 233 2300 451 2376; x_wconf 90' lang='lat' dir='ltr'>conscioues</span> <span class='ocrx_word' id='word_1_94' title='bbox 470 2300 640 2375; x_wconf 93' lang='lat' dir='ltr'>dominus</span> <span class='ocrx_word' id='word_1_95' title='bbox 659 2299 828 2376; x_wconf 86' lang='lat' dir='ltr'>Joanues</span> <span class='ocrx_word' id='word_1_96' title='bbox 856 2297 1064 2400; x_wconf 81' lang='lat' dir='ltr'>Sayttlich,</span> <span class='ocrx_word' id='word_1_97' title='bbox 1093 2301 1229 2376; x_wconf 90' lang='lat' dir='ltr'>bonum</span> 
     </span>
     <span class='ocr_line' id='line_1_15' title="bbox 127 2424 1229 2526; baseline 0.003 -29"><span class='ocrx_word' id='word_1_98' title='bbox 127 2425 188 2500; x_wconf 90' lang='lat' dir='ltr'>erit</span> <span class='ocrx_word' id='word_1_99' title='bbox 203 2434 239 2502; x_wconf 89' lang='lat' dir='ltr'>et</span> <span class='ocrx_word' id='word_1_100' title='bbox 266 2428 537 2524; x_wconf 86' lang='lat' dir='ltr'>imperpetuum</span> <span class='ocrx_word' id='word_1_101' title='bbox 566 2424 620 2526; x_wconf 57' lang='grc' dir='ltr'><em>Ἣ</em></span> <span class='ocrx_word' id='word_1_102' title='bbox 654 2425 746 2504; x_wconf 91' lang='lat' dir='ltr'>fides</span> <span class='ocrx_word' id='word_1_103' title='bbox 774 2433 900 2502; x_wconf 87' lang='lat' dir='ltr'>vestra</span> <span class='ocrx_word' id='word_1_104' title='bbox 927 2426 1101 2524; x_wconf 82' lang='lat' dir='ltr'>protegit.</span> <span class='ocrx_word' id='word_1_105' title='bbox 1131 2425 1229 2518; x_wconf 85' lang='lat' dir='ltr'>Quia</span> 
     </span>
     <span class='ocr_line' id='line_1_16' title="bbox 124 2553 1228 2651; baseline 0.004 -27"><span class='ocrx_word' id='word_1_106' title='bbox 124 2553 219 2646; x_wconf 83' lang='lat' dir='ltr'>juxta</span> <span class='ocrx_word' id='word_1_107' title='bbox 237 2553 334 2649; x_wconf 85' lang='lat' dir='ltr'>Job,</span> <span class='ocrx_word' id='word_1_108' title='bbox 354 2553 489 2629; x_wconf 88' lang='lat' dir='ltr'>melius</span> <span class='ocrx_word' id='word_1_109' title='bbox 509 2561 566 2630; x_wconf 87' lang='lat' dir='ltr'>est</span> <span class='ocrx_word' id='word_1_110' title='bbox 584 2577 719 2629; x_wconf 92' lang='lat' dir='ltr'>nomen</span> <span class='ocrx_word' id='word_1_111' title='bbox 738 2557 894 2650; x_wconf 83' lang='lat' dir='ltr'>bonum,</span> <span class='ocrx_word' id='word_1_112' title='bbox 926 2577 1034 2651; x_wconf 88' lang='lat' dir='ltr'>quam</span> <span class='ocrx_word' id='word_1_113' title='bbox 1064 2561 1228 2649; x_wconf 79' lang='lat' dir='ltr'>ungenta</span> 
     </span>
     <span class='ocr_line' id='line_1_17' title="bbox 129 2678 1226 2776; baseline 0 -24"><span class='ocrx_word' id='word_1_114' title='bbox 129 2679 322 2773; x_wconf 84' lang='lat' dir='ltr'>preciosa.“</span> <span class='ocrx_word' id='word_1_115' title='bbox 364 2678 473 2752; x_wconf 85' lang='lat' dir='ltr'>Dixit</span> <span class='ocrx_word' id='word_1_116' title='bbox 500 2679 659 2754; x_wconf 87' lang='lat' dir='ltr'>Kakwk</span> <span class='ocrx_word' id='word_1_117' title='bbox 687 2679 873 2754; x_wconf 87' lang='lat' dir='ltr'>Michael:</span> <span class='ocrx_word' id='word_1_118' title='bbox 907 2680 1029 2776; x_wconf 87' lang='lat' dir='ltr'>„Audi</span> <span class='ocrx_word' id='word_1_119' title='bbox 1057 2679 1226 2756; x_wconf 85' lang='lat' dir='ltr'>Jocnnes</span> 
     </span>
     <span class='ocr_line' id='line_1_18' title="bbox 128 2799 1227 2904; baseline 0.002 -28"><span class='ocrx_word' id='word_1_120' title='bbox 128 2799 314 2904; x_wconf 81' lang='lat' dir='ltr'>Sayttlich,</span> <span class='ocrx_word' id='word_1_121' title='bbox 336 2811 590 2880; x_wconf 81' lang='lat' dir='ltr'>verumtamen</span> <span class='ocrx_word' id='word_1_122' title='bbox 609 2805 708 2902; x_wconf 93' lang='lat' dir='ltr'>quod</span> <span class='ocrx_word' id='word_1_123' title='bbox 725 2807 794 2881; x_wconf 85' lang='lat' dir='ltr'>toti</span> <span class='ocrx_word' id='word_1_124' title='bbox 814 2805 978 2882; x_wconf 90' lang='lat' dir='ltr'>ciuitatis</span> <span class='ocrx_word' id='word_1_125' title='bbox 997 2804 1227 2882; x_wconf 83' lang='lat' dir='ltr'>Oassouicu·</span> 
     </span>
     <span class='ocr_line' id='line_1_19' title="bbox 128 2929 1225 3030; baseline 0.003 -28"><span class='ocrx_word' id='word_1_126' title='bbox 128 2929 176 3004; x_wconf 87' lang='lat' dir='ltr'>sis</span> <span class='ocrx_word' id='word_1_127' title='bbox 192 2955 231 3008; x_wconf 91' lang='lat' dir='ltr'>es</span> <span class='ocrx_word' id='word_1_128' title='bbox 248 2932 468 3030; x_wconf 86' lang='lat' dir='ltr'>patruellis,</span> <span class='ocrx_word' id='word_1_129' title='bbox 489 2939 525 3006; x_wconf 90' lang='lat' dir='ltr'>et</span> <span class='ocrx_word' id='word_1_130' title='bbox 543 2939 580 3007; x_wconf 90' lang='lat' dir='ltr'>te</span> <span class='ocrx_word' id='word_1_131' title='bbox 598 2933 694 3008; x_wconf 91' lang='lat' dir='ltr'>bene</span> <span class='ocrx_word' id='word_1_132' title='bbox 713 2931 890 3009; x_wconf 83' lang='lat' dir='ltr'>debemus</span> <span class='ocrx_word' id='word_1_133' title='bbox 909 2935 1124 3008; x_wconf 87' lang='lat' dir='ltr'>obseruare.</span> <span class='ocrx_word' id='word_1_134' title='bbox 1150 2929 1225 3006; x_wconf 87' lang='lat' dir='ltr'>Sed</span> 
     </span>
     <span class='ocr_line' id='line_1_20' title="bbox 129 3053 1228 3159; baseline 0 -29"><span class='ocrx_word' id='word_1_135' title='bbox 129 3053 198 3152; x_wconf 85' lang='lat' dir='ltr'>hic,</span> <span class='ocrx_word' id='word_1_136' title='bbox 218 3061 309 3134; x_wconf 86' lang='lat' dir='ltr'>bene</span> <span class='ocrx_word' id='word_1_137' title='bbox 330 3059 495 3157; x_wconf 84' lang='lat' dir='ltr'>aspicias</span> <span class='ocrx_word' id='word_1_138' title='bbox 513 3067 550 3134; x_wconf 89' lang='lat' dir='ltr'>te</span> <span class='ocrx_word' id='word_1_139' title='bbox 570 3059 712 3158; x_wconf 82' lang='lat' dir='ltr'>ipsum,</span> <span class='ocrx_word' id='word_1_140' title='bbox 733 3067 822 3157; x_wconf 88' lang='lat' dir='ltr'>quia</span> <span class='ocrx_word' id='word_1_141' title='bbox 849 3085 938 3159; x_wconf 85' lang='lat' dir='ltr'>pars</span> <span class='ocrx_word' id='word_1_142' title='bbox 966 3062 1086 3158; x_wconf 90' lang='lat' dir='ltr'>maj0r</span> <span class='ocrx_word' id='word_1_143' title='bbox 1113 3057 1228 3132; x_wconf 86' lang='lat' dir='ltr'>vincit</span> 
     </span>
     <span class='ocr_line' id='line_1_21' title="bbox 129 3184 1227 3296; baseline 0.001 -40"><span class='ocrx_word' id='word_1_144' title='bbox 129 3184 331 3262; x_wconf 84' lang='lat' dir='ltr'>minorem.“</span> <span class='ocrx_word' id='word_1_145' title='bbox 372 3185 438 3260; x_wconf 90' lang='lat' dir='ltr'>Ait</span> <span class='ocrx_word' id='word_1_146' title='bbox 465 3186 634 3296; x_wconf 86' lang='lat' dir='ltr'>Joannes</span> <span class='ocrx_word' id='word_1_147' title='bbox 662 3185 869 3287; x_wconf 83' lang='lat' dir='ltr'>Sayttlich:</span> <span class='ocrx_word' id='word_1_148' title='bbox 903 3188 1080 3285; x_wconf 84' lang='lat' dir='ltr'>„Eciam,</span> <span class='ocrx_word' id='word_1_149' title='bbox 1110 3184 1227 3260; x_wconf 87' lang='lat' dir='ltr'>eciam</span> 
     </span>
     <span class='ocr_line' id='line_1_22' title="bbox 129 3309 1227 3413; baseline 0.002 -31"><span class='ocrx_word' id='word_1_150' title='bbox 129 3309 258 3388; x_wconf 90' lang='lat' dir='ltr'>domine</span> <span class='ocrx_word' id='word_1_151' title='bbox 290 3313 453 3411; x_wconf 83' lang='lat' dir='ltr'>judex!“</span> <span class='ocrx_word' id='word_1_152' title='bbox 486 3321 524 3388; x_wconf 90' lang='lat' dir='ltr'>ct</span> <span class='ocrx_word' id='word_1_153' title='bbox 551 3315 606 3389; x_wconf 93' lang='lat' dir='ltr'>nil</span> <span class='ocrx_word' id='word_1_154' title='bbox 634 3316 720 3413; x_wconf 91' lang='lat' dir='ltr'>plus</span> <span class='ocrx_word' id='word_1_155' title='bbox 748 3317 906 3392; x_wconf 91' lang='lat' dir='ltr'>locutus.</span> <span class='ocrx_word' id='word_1_156' title='bbox 937 3315 987 3389; x_wconf 87' lang='lat' dir='ltr'>Et</span> <span class='ocrx_word' id='word_1_157' title='bbox 1016 3314 1109 3389; x_wconf 82' lang='lat' dir='ltr'>dixit</span> <span class='ocrx_word' id='word_1_158' title='bbox 1136 3311 1227 3386; x_wconf 95' lang='lat' dir='ltr'>mihi</span> 
     </span>
     <span class='ocr_line' id='line_1_23' title="bbox 132 3434 1228 3538; baseline -0.001 -26"><span class='ocrx_word' id='word_1_159' title='bbox 132 3434 294 3514; x_wconf 80' lang='lat' dir='ltr'>Kakwk:</span> <span class='ocrx_word' id='word_1_160' title='bbox 311 3438 433 3536; x_wconf 84' lang='lat' dir='ltr'>„Audi</span> <span class='ocrx_word' id='word_1_161' title='bbox 452 3447 504 3535; x_wconf 87' lang='lat' dir='ltr'>tu,</span> <span class='ocrx_word' id='word_1_162' title='bbox 525 3447 632 3538; x_wconf 88' lang='lat' dir='ltr'>pater</span> <span class='ocrx_word' id='word_1_163' title='bbox 650 3439 815 3536; x_wconf 80' lang='lat' dir='ltr'>Georgi!</span> <span class='ocrx_word' id='word_1_164' title='bbox 837 3441 955 3519; x_wconf 89' lang='lat' dir='ltr'>Vides</span> <span class='ocrx_word' id='word_1_165' title='bbox 969 3443 1124 3538; x_wconf 88' lang='lat' dir='ltr'>januam</span> <span class='ocrx_word' id='word_1_166' title='bbox 1134 3436 1228 3512; x_wconf 81' lang='lat' dir='ltr'>Gas-</span> 
     </span>
     <span class='ocr_line' id='line_1_24' title="bbox 129 3563 1227 3665; baseline 0 -29"><span class='ocrx_word' id='word_1_167' title='bbox 129 3563 377 3642; x_wconf 79' lang='lat' dir='ltr'>souiensem?“</span> <span class='ocrx_word' id='word_1_168' title='bbox 403 3567 585 3664; x_wconf 83' lang='lat' dir='ltr'>„Video.“</span> <span class='ocrx_word' id='word_1_169' title='bbox 612 3567 686 3663; x_wconf 86' lang='lat' dir='ltr'>„Et</span> <span class='ocrx_word' id='word_1_170' title='bbox 705 3568 823 3642; x_wconf 87' lang='lat' dir='ltr'>eciam</span> <span class='ocrx_word' id='word_1_171' title='bbox 851 3591 919 3665; x_wconf 90' lang='lat' dir='ltr'>per</span> <span class='ocrx_word' id='word_1_172' title='bbox 947 3567 1052 3642; x_wconf 88' lang='lat' dir='ltr'>illam</span> <span class='ocrx_word' id='word_1_173' title='bbox 1080 3571 1227 3663; x_wconf 92' lang='lat' dir='ltr'>portam</span> 
     </span>
     <span class='ocr_line' id='line_1_25' title="bbox 130 3693 1226 3790; baseline 0.002 -28"><span class='ocrx_word' id='word_1_174' title='bbox 130 3713 248 3789; x_wconf 84' lang='lat' dir='ltr'>ereas,</span> <span class='ocrx_word' id='word_1_175' title='bbox 267 3693 358 3790; x_wconf 88' lang='lat' dir='ltr'>quia</span> <span class='ocrx_word' id='word_1_176' title='bbox 376 3693 511 3768; x_wconf 86' lang='lat' dir='ltr'>ciuitas</span> <span class='ocrx_word' id='word_1_177' title='bbox 530 3693 808 3790; x_wconf 83' lang='lat' dir='ltr'>determinauit‚</span> <span class='ocrx_word' id='word_1_178' title='bbox 829 3702 870 3769; x_wconf 88' lang='lat' dir='ltr'>vt</span> <span class='ocrx_word' id='word_1_179' title='bbox 888 3694 950 3769; x_wconf 93' lang='lat' dir='ltr'>hic</span> <span class='ocrx_word' id='word_1_180' title='bbox 969 3693 1153 3768; x_wconf 91' lang='lat' dir='ltr'>internos</span> <span class='ocrx_word' id='word_1_181' title='bbox 1181 3715 1226 3765; x_wconf 90' lang='lat' dir='ltr'>ne</span> 
     </span>
     <span class='ocr_line' id='line_1_26' title="bbox 130 3816 1227 3917; baseline 0.004 -31"><span class='ocrx_word' id='word_1_182' title='bbox 130 3819 353 3896; x_wconf 87' lang='lat' dir='ltr'>residearis.“</span> <span class='ocrx_word' id='word_1_183' title='bbox 380 3819 522 3917; x_wconf 63' lang='grc' dir='ltr'>πΑιιᾱί,</span> <span class='ocrx_word' id='word_1_184' title='bbox 543 3819 690 3894; x_wconf 92' lang='lat' dir='ltr'>domine</span> <span class='ocrx_word' id='word_1_185' title='bbox 704 3820 819 3917; x_wconf 84' lang='lat' dir='ltr'>judex</span> <span class='ocrx_word' id='word_1_186' title='bbox 840 3827 877 3893; x_wconf 92' lang='lat' dir='ltr'>et</span> <span class='ocrx_word' id='word_1_187' title='bbox 903 3839 1032 3895; x_wconf 89' lang='lat' dir='ltr'>omnes</span> <span class='ocrx_word' id='word_1_188' title='bbox 1059 3816 1227 3892; x_wconf 89' lang='lat' dir='ltr'>seniores</span> 
     </span>
     <span class='ocr_line' id='line_1_27' title="bbox 131 3939 1224 4044; baseline 0.002 -28"><span class='ocrx_word' id='word_1_189' title='bbox 131 3939 406 4022; x_wconf 85' lang='lat' dir='ltr'>Cassouienscs!</span> <span class='ocrx_word' id='word_1_190' title='bbox 420 3947 503 4043; x_wconf 87' lang='lat' dir='ltr'>Ego</span> <span class='ocrx_word' id='word_1_191' title='bbox 522 3969 688 4022; x_wconf 91' lang='lat' dir='ltr'>nonsum</span> <span class='ocrx_word' id='word_1_192' title='bbox 706 3946 886 4044; x_wconf 83' lang='lat' dir='ltr'>proditor,</span> <span class='ocrx_word' id='word_1_193' title='bbox 908 3967 1027 4043; x_wconf 89' lang='lat' dir='ltr'>neque</span> <span class='ocrx_word' id='word_1_194' title='bbox 1038 3943 1224 4037; x_wconf 87' lang='lat' dir='ltr'>seductor,</span> 
     </span>
     <span class='ocr_line' id='line_1_28' title="bbox 132 4067 1227 4169; baseline -0.009 -20"><span class='ocrx_word' id='word_1_195' title='bbox 132 4091 231 4168; x_wconf 81' lang='lat' dir='ltr'>oeque</span> <span class='ocrx_word' id='word_1_196' title='bbox 250 4080 467 4168; x_wconf 86' lang='lat' dir='ltr'>accusator,</span> <span class='ocrx_word' id='word_1_197' title='bbox 488 4072 586 4169; x_wconf 89' lang='lat' dir='ltr'>quod</span> <span class='ocrx_word' id='word_1_198' title='bbox 604 4094 674 4167; x_wconf 85' lang='lat' dir='ltr'>ego</span> <span class='ocrx_word' id='word_1_199' title='bbox 695 4094 826 4147; x_wconf 87' lang='lat' dir='ltr'>exeam</span> <span class='ocrx_word' id='word_1_200' title='bbox 845 4071 891 4146; x_wconf 94' lang='lat' dir='ltr'>de</span> <span class='ocrx_word' id='word_1_201' title='bbox 910 4069 1118 4163; x_wconf 82' lang='lat' dir='ltr'>Oassouia3</span> <span class='ocrx_word' id='word_1_202' title='bbox 1138 4067 1227 4163; x_wconf 87' lang='lat' dir='ltr'>quia</span> 
     </span>
     <span class='ocr_line' id='line_1_29' title="bbox 133 4193 1226 4297; baseline 0 -31"><span class='ocrx_word' id='word_1_203' title='bbox 133 4215 198 4271; x_wconf 86' lang='lat' dir='ltr'>sun</span> <span class='ocrx_word' id='word_1_204' title='bbox 215 4199 252 4274; x_wconf 93' lang='lat' dir='ltr'>in</span> <span class='ocrx_word' id='word_1_205' title='bbox 270 4199 392 4276; x_wconf 85' lang='lat' dir='ltr'>sacris</span> <span class='ocrx_word' id='word_1_206' title='bbox 411 4198 754 4297; x_wconf 82' lang='lat' dir='ltr'>spiritualibus3tn.</span> <span class='ocrx_word' id='word_1_207' title='bbox 775 4198 814 4273; x_wconf 92' lang='lat' dir='ltr'>in</span> <span class='ocrx_word' id='word_1_208' title='bbox 831 4205 959 4273; x_wconf 85' lang='lat' dir='ltr'>vestra</span> <span class='ocrx_word' id='word_1_209' title='bbox 977 4195 1112 4290; x_wconf 88' lang='lat' dir='ltr'>seruio,</span> <span class='ocrx_word' id='word_1_210' title='bbox 1129 4193 1226 4269; x_wconf 87' lang='lat' dir='ltr'>sicut</span> 
     </span>
     <span class='ocr_line' id='line_1_30' title="bbox 135 4317 1225 4418; baseline 0.003 -27"><span class='ocrx_word' id='word_1_211' title='bbox 135 4317 222 4398; x_wconf 89' lang='lat' dir='ltr'>decet</span> <span class='ocrx_word' id='word_1_212' title='bbox 238 4326 495 4404; x_wconf 83' lang='lat' dir='ltr'>ecclesiastico</span> <span class='ocrx_word' id='word_1_213' title='bbox 515 4331 609 4401; x_wconf 90' lang='lat' dir='ltr'>viro.</span> <span class='ocrx_word' id='word_1_214' title='bbox 630 4324 802 4402; x_wconf 87' lang='lat' dir='ltr'>Videatis</span> <span class='ocrx_word' id='word_1_215' title='bbox 828 4323 1041 4400; x_wconf 89' lang='lat' dir='ltr'>modernum</span> <span class='ocrx_word' id='word_1_216' title='bbox 1068 4327 1225 4418; x_wconf 89' lang='lat' dir='ltr'>tempus,</span> 
     </span>
     <span class='ocr_line' id='line_1_31' title="bbox 100 4447 1224 4554; baseline -0.001 -33"><span class='ocrx_word' id='word_1_217' title='bbox 100 4461 107 4484; x_wconf 74' lang='lat'>⁸</span> <span class='ocrx_word' id='word_1_218' title='bbox 137 4449 216 4540; x_wconf 88' lang='lat' dir='ltr'>quod</span> <span class='ocrx_word' id='word_1_219' title='bbox 232 4451 341 4529; x_wconf 90' lang='lat' dir='ltr'>homo</span> <span class='ocrx_word' id='word_1_220' title='bbox 361 4479 434 4531; x_wconf 93' lang='lat' dir='ltr'>non</span> <span class='ocrx_word' id='word_1_221' title='bbox 453 4461 577 4554; x_wconf 88' lang='lat' dir='ltr'>potest</span> <span class='ocrx_word' id='word_1_222' title='bbox 594 4449 766 4552; x_wconf 83' lang='lat' dir='ltr'>papiffice</span> <span class='ocrx_word' id='word_1_223' title='bbox 785 4473 987 4551; x_wconf 81' lang='lat' dir='ltr'>peragrare</span> <span class='ocrx_word' id='word_1_224' title='bbox 1005 4471 1078 4546; x_wconf 91' lang='lat' dir='ltr'>quo</span> <span class='ocrx_word' id='word_1_225' title='bbox 1096 4447 1224 4540; x_wconf 84' lang='lat' dir='ltr'>vellet,</span> 
     </span>
     <span class='ocr_line' id='line_1_32' title="bbox 139 4573 1223 4676; baseline -0.003 -28"><span class='ocrx_word' id='word_1_226' title='bbox 139 4573 190 4648; x_wconf 76' lang='lat' dir='ltr'>sed</span> <span class='ocrx_word' id='word_1_227' title='bbox 204 4581 322 4655; x_wconf 87' lang='lat' dir='ltr'>statim</span> <span class='ocrx_word' id='word_1_228' title='bbox 340 4581 530 4658; x_wconf 86' lang='lat' dir='ltr'>offendunt</span> <span class='ocrx_word' id='word_1_229' title='bbox 548 4603 643 4656; x_wconf 90' lang='lat' dir='ltr'>eum.</span> <span class='ocrx_word' id='word_1_230' title='bbox 665 4577 765 4674; x_wconf 83' lang='lat' dir='ltr'>Quia</span> <span class='ocrx_word' id='word_1_231' title='bbox 784 4603 855 4676; x_wconf 87' lang='lat' dir='ltr'>ego</span> <span class='ocrx_word' id='word_1_232' title='bbox 874 4579 1079 4655; x_wconf 88' lang='lat' dir='ltr'>dolorevcs</span> <span class='ocrx_word' id='word_1_233' title='bbox 1095 4573 1223 4650; x_wconf 86' lang='lat' dir='ltr'>doleo:</span> 
     </span>
     <span class='ocr_line' id='line_1_33' title="bbox 144 4699 1225 4804; baseline -0.01 -15"><span class='ocrx_word' id='word_1_234' title='bbox 144 4699 211 4789; x_wconf 62' lang='lat' dir='ltr'>duit</span> <span class='ocrx_word' id='word_1_235' title='bbox 227 4727 293 4804; x_wconf 82' lang='lat' dir='ltr'>ego</span> <span class='ocrx_word' id='word_1_236' title='bbox 321 4707 508 4784; x_wconf 87' lang='lat' dir='ltr'>dominum</span> <span class='ocrx_word' id='word_1_237' title='bbox 535 4730 656 4783; x_wconf 91' lang='lat' dir='ltr'>meum</span> <span class='ocrx_word' id='word_1_238' title='bbox 684 4729 758 4782; x_wconf 93' lang='lat' dir='ltr'>non</span> <span class='ocrx_word' id='word_1_239' title='bbox 786 4706 949 4802; x_wconf 78' lang='lat' dir='ltr'>denego,</span> <span class='ocrx_word' id='word_1_240' title='bbox 977 4701 1075 4800; x_wconf 91' lang='lat' dir='ltr'>quod</span> <span class='ocrx_word' id='word_1_241' title='bbox 1102 4701 1136 4777; x_wconf 87' lang='lat' dir='ltr'>si</span> <span class='ocrx_word' id='word_1_242' title='bbox 1163 4703 1225 4778; x_wconf 90' lang='lat' dir='ltr'>de-</span> 
     </span>
    </p>
   </div>
   <div class='ocr_carea' id='block_1_5' title="bbox 146 4827 1317 5012">
    <p class='ocr_par' dir='ltr' id='par_1_5' title="bbox 146 4827 1317 5012">
     <span class='ocr_line' id='line_1_34' title="bbox 146 4827 1317 5012; baseline 0.008 -117"><span class='ocrx_word' id='word_1_243' title='bbox 146 4841 312 4930; x_wconf 76' lang='lat' dir='ltr'>negarem,</span> <span class='ocrx_word' id='word_1_244' title='bbox 333 4833 450 4910; x_wconf 85' lang='lat' dir='ltr'>iorem</span> <span class='ocrx_word' id='word_1_245' title='bbox 478 4833 693 4929; x_wconf 79' lang='lat' dir='ltr'>fidefragus.</span> <span class='ocrx_word' id='word_1_246' title='bbox 723 4829 796 4906; x_wconf 85' lang='lat' dir='ltr'>Tn.</span> <span class='ocrx_word' id='word_1_247' title='bbox 826 4831 921 4906; x_wconf 92' lang='lat' dir='ltr'>inter</span> <span class='ocrx_word' id='word_1_248' title='bbox 949 4827 1226 5012; x_wconf 71' lang='lat' dir='ltr'>dopr3ipaciones</span> <span class='ocrx_word' id='word_1_249' title='bbox 1311 4936 1317 4948; x_wconf 34' lang='lat'><strong>·</strong></span> 
     </span>
    </p>
   </div>
   <div class='ocr_carea' id='block_1_6' title="bbox 0 0 1627 5220">
    <p class='ocr_par' dir='ltr' id='par_1_6' title="bbox 0 0 1627 5220">
     <span class='ocr_line' id='line_1_35' title="bbox 0 0 1627 5220; baseline 0 0"><span class='ocrx_word' id='word_1_250' title='bbox 0 0 1627 5220; x_wconf 95' lang='lat' dir='ltr'> </span> 
     </span>
    </p>
   </div>
  </div>
 </body>
</html>
