3238 5228
1134 501 1212 584 297

111 709 206 782 extra
223 723 293 802 pro
312 723 427 778 mura
452 697 657 778 rolaoionie
684 699 847 778 ibebant.
878 700 976 794 Qnia
994 701 1213 780 adolescens

111 827 311 907 Germanus
337 830 450 906 istum
475 827 597 905 Laoki
624 827 858 906 Jeronimum
886 831 1106 907 meminerat
1129 851 1214 908 enee

109 955 346 1054 proditorem
374 954 462 1054 qnia
480 956 617 1055 etipse
646 954 719 1030 init
745 954 958 1034 deetrnotna
985 979 1053 1056 per
1081 953 1232 1060 Ferdi·¹

109 1082 257 1160 nandum
277 1090 316 1159 et
332 1106 401 1182 per
428 1087 556 1182 pnrtea
583 1079 871 1178 Hungarornm;
900 1082 988 1181 qnia
1015 1087 1213 1180 antequam

107 1209 215 1308 iprum
244 1209 477 1288 Jeronimum
515 1205 637 1284 Laoki
666 1209 827 1306 eligeret
862 1208 910 1286 ad
936 1207 1214 1286 ¹Fordinandnm

106 1333 236 1434 Regem
265 1338 305 1412 in
332 1335 550 1434 legacione,
580 1341 716 1413 ertnno
744 1335 828 1412 Rex
855 1335 1115 1413 Fordinandnn
1141 1335 1215 1414 eibi

110 1465 198 1540 dona
215 1465 372 1563 copiosa
390 1471 706 1540 remuneraberat.
727 1463 928 1560 videlieet,
948 1471 1031 1541 erat
1047 1461 1129 1540 Rex
1147 1459 1214 1541 Jo-

107 1613 212 1668 amer
239 1591 279 1666 in
308 1589 606 1686 Tranailwanie‚
626 1597 664 1667 et
682 1591 733 1667 ibi
753 1589 970 1668 Jeronimna
988 1589 1106 1668 multa
1123 1612 1214 1689 pan-

111 1719 304 1795 raneratin
315 1718 450 1795 Viena.
472 1717 554 1814 Ego
563 1716 712 1816 quidem
731 1741 834 1795 eram
853 1719 892 1793 in
911 1740 998 1796 aroe
1018 1714 1217 1794 Bndnonm

107 1843 261 1944 Symone
280 1842 449 1922 Liternto
469 1845 633 1940 latrone,
663 1843 749 1920 dnm
762 1846 843 1942 jam
862 1843 945 1920 Rex
964 1843 1151 1942 equitaret
1169 1842 1217 1918 ad

106 1969 436 2048 Tranrailwaniam
454 1979 541 2070 poet
558 1970 801 2048 obsidionem.
832 1969 909 2047 Inte
932 1969 1124 2048 Literatne
1143 1967 1215 2071 Sy·

108 2121 183 2174 non
212 2105 295 2176 erat
321 2097 457 2176 similis
485 2121 581 2176 vnna
608 2121 655 2174 ex
685 2071 957 2198 proditoribus]
988 2095 1159 2197 quindei
1177 2096 1215 2172 in

108 2223 248 2302 minimo
276 2231 336 2302 ert
361 2223 505 2320 fidelia,
525 2225 564 2302 in
593 2224 725 2302 maiori
752 2224 841 2304 talia
869 2231 927 2303 eet
953 2223 1086 2302 fidelis.
1117 2220 1218 2317 Quia

108 2347 157 2450 “ll
177 2349 274 2448 Regi
302 2350 443 2429 Joanni
471 2349 687 2450 prodiderat
713 2372 822 2428 aroer
850 2349 944 2428 dnae
971 2349 1076 2428 Petri
1095 2349 1215 2442 Prini,

107 2475 274 2554 videlieet
302 2475 418 2554 Saron
437 2477 562 2554 Patalr
591 2485 629 2554 et
654 2475 803 2578 Vybel,
833 2476 929 2554 siout
955 2477 1134 2576 seriptum
1159 2483 1218 2552 ert

110 2609 144 2676 rt
161 2625 286 2703 snpra.
306 2603 386 2681 Iete
414 2601 537 2680 Laoki
565 2612 642 2681 tam
661 2604 819 2703 pignora
842 2609 1061 2702 portauerat
1078 2602 1127 2678 ad
1141 2601 1214 2678 Re-

106 2749 179 2822 gem
210 2729 487 2809 Fordinandnm
515 2709 562 2807 ad
588 2731 753 2826 nudam,
783 2730 881 2828 qnod
900 2753 969 2806 nor
989 2729 1216 2806 mirabamur

106 2859 140 2926 vt
155 2863 280 2954 patet,
300 2865 444 2957 reptem
464 2865 588 2934 orateo
607 2879 785 2954 magnae,
804 2855 843 2932 id
862 2863 921 2932 ert
937 2855 1082 2955 oypboa
1100 2854 1214 2932 dean·

106 2987 217 3078 rator,
251 2990 290 3060 et
316 2983 445 3083 pecias
473 2991 617 3084 reptem
637 2984 684 3059 de
701 2983 806 3061 biano
825 3007 870 3059 ao
888 2983 935 3058 de
953 3003 1160 3082 purpureo;
1180 2989 1218 3058 et

107 3127 176 3184 enm
194 3109 300 3188 mille
325 3109 486 3188 florenos
518 3113 652 3188 aureos
680 3111 805 3188 inerat
832 3110 1045 3188 redonatus.
1075 3109 1124 3184 Et
1142 3110 1216 3188 inte

104 3235 218 3311 omnia
247 3259 372 3313 noram
411 3235 563 3314 Simone
603 3236 774 3316 Literato
812 3237 1037 3337 deposuerat
1063 3238 1102 3313 in
1130 3259 1216 3314 aree

109 3357 223 3456 Bada,
254 3368 291 3436 et
318 3363 372 3438 aio
400 3362 633 3460 gloriebatur
660 3365 743 3463 ipae
772 3386 895 3440 eoram
925 3363 1119 3462 prouieore
1140 3361 1214 3438 Bn-

102 3484 201 3565 'denri
219 3487 397 3588 prediolo,
419 3497 457 3565 et
475 3489 531 3567 nio
548 3490 681 3568 iwerat
698 3497 784 3590 port
801 3487 944 3586 Regem
963 3488 1148 3568 Joannem
1167 3491 1216 3566 ad

109 3609 412 3696 Trnnrilwaniam
451 3616 498 3695 ad
533 3616 796 3716 proferendum
831 3615 1064 3714 legaoionem
1092 3614 1217 3694 flotam

107 3759 168 3816 non
185 3765 325 3820 veram.
352 3739 429 3824 Sed
446 3741 532 3836 Rer
549 3744 660 3822 valde
689 3744 865 3822 oredebat
882 3743 928 3820 ei
957 3742 1050 3820 Inde
1068 3743 1216 3841 quidem

107 3873 217 3947 rentur
245 3876 283 3946 et
309 3867 429 3948 bonni
457 3870 626 3950 dominun
664 3871 793 3950 Turno
833 3869 991 3948 Alexide
1026 3871 1216 3950 scribebat

109 3995 289 4074 nnllooiea
307 3997 357 4075 ad
376 3997 520 4096 Regem
538 3997 725 4076 ioannem
745 3999 783 4075 in
803 3997 975 4099 epistolia
993 3999 1095 4094 ania,
1115 3999 1214 4099 qnod

108 4137 169 4197 non
186 4123 357 4202 erederet
380 4125 531 4222 penitus
549 4125 623 4204 eibi
644 4155 652 4201 ε
678 4123 800 4224 „Quia
819 4125 914 4204 eoiat
932 4125 1073 4202 Vestra
1092 4123 1215 4224 Regia

109 4237 294 4344 bajesen,
327 4248 427 4348 quod
444 4273 514 4328 non
532 4251 729 4346 miramur,
760 4251 858 4351 qnod
876 4252 926 4328 ad
943 4259 1019 4328 tam
1039 4275 1214 4350 magnam

109 4363 311 4466 brnitanm
341 4373 520 4474 aooepiati
549 4399 654 4472 enm;
684 4375 772 4476 quia
800 4378 883 4480 ipae
907 4385 965 4454 eet
982 4401 1078 4456 vnne
1095 4380 1216 4456 bonna

112 4501 261 4594 potatur,
282 4499 485 4596 meohator,
506 4504 643 4601 ebrius,
665 4505 777 4600 lusor,
798 4503 1021 4584 instabilia.“
1045 4505 1107 4581 Sio
1125 4506 1216 4582 rori·

109 4618 206 4702 bebat
224 4627 392 4706 dominus
411 4629 541 4707 Turno
562 4631 660 4730 Regi
678 4631 830 4710 Joanni.

201 4754 251 4830 Et
278 4753 449 4832 dominun
488 4755 605 4834 Gritti
630 4759 710 4857 jam
739 4765 826 4845 erat
850 4757 1091 4836 Gubernator
1119 4782 1215 4838 anno
