3226 5220
381 473 462 556 lec

377 699 533 776 eumque
550 675 769 754 volebamus
787 695 869 754 cum
889 671 1116 752 Germanice
1134 685 1241 774 pereo
1259 671 1352 778 Ἢν·
1373 676 1487 752 ictum

378 805 530 899 habere,
550 827 636 880 mox
655 803 819 902 seperati
837 825 860 876 a
878 803 986 881 nobis
1004 803 1100 878 velo
1117 799 1341 906 conso(r)cio
1359 809 1491 880 nostru

378 915 569 1030 fugierunt
587 936 624 1005 et
642 929 691 1004 ed
709 928 806 1005 socie
824 933 954 1005 nostro
979 927 1251 1005 reiteroueruut
1267 949 1329 1024 se,
1350 933 1494 1007 etcum

376 1057 496 1136 hostis
524 1056 603 1134 suis
630 1061 760 1132 contro
778 1078 847 1132 nos
874 1053 1058 1155 pugillum
1086 1054 1276 1132 dederunt.
1305 1055 1359 1130 Et
1383 1054 1492 1130 Deus

377 1186 583 1264 altissimus
610 1206 681 1261 uos
709 1182 873 1280 protexit
891 1183 938 1260 ob
958 1181 1014 1258 eis
1033 1205 1057 1258 o
1073 1181 1215 1260 talibus
1240 1180 1489 1258 maledictis?

379 1309 501 1405 Quum
521 1310 604 1388 Rex
629 1311 753 1388 stabat
779 1331 897 1409 prope
924 1330 1059 1406 aquam
1087 1307 1216 1405 Titio,
1244 1307 1494 1404 interrogauit

376 1462 442 1517 eos
460 1439 566 1534 Rex,
594 1439 699 1537 eujus
725 1437 857 1513 famuli
884 1433 1038 1514 essent?
1065 1434 1281 1514 Dixerunt:
1305 1433 1410 1531 „Nos
1427 1454 1491 1510 su·

378 1589 460 1643 mos
487 1565 626 1642 domini
654 1564 765 1640 Pooli
793 1561 952 1642 Artendi
977 1569 1015 1640 et
1038 1560 1194 1639 Blasii.“
1225 1559 1277 1638 Et
1303 1561 1358 1636 ait
1382 1559 1491 1638 Rex:

384 1692 459 1790 „Et
484 1691 551 1768 vbi
573 1697 659 1767 suot
685 1696 895 1788 compatres
922 1689 994 1764 mei
1012 1685 1054 1762 Ψ*
1087 1686 1276 1766 Dixcrunt
1302 1715 1311 1762 ε
1345 1687 1494 1785 „Extra

379 1817 640 1916 equitouerunt
675 1823 806 1894 contro
843 1813 1090 1893 Germanou
1126 1811 1192 1912 „si
1217 1815 1494 1912 equitouerunt

230 2007 233 2014 .
380 1944 596 2022 debuissent
621 1944 727 2043 prius
754 1943 987 2040 interrogare
1006 1963 1086 2036 me,
1110 1947 1149 2020 et
1166 1941 1222 2020 sic
1240 1961 1288 2016 ex
1306 1960 1494 2018 consensu

379 2072 452 2147 mei
482 2071 643 2151 libenter
670 2071 891 2172 potuissent.
930 2069 1034 2166 Ergo
1061 2067 1229 2168 precipio
1255 2067 1346 2164 eibi,
1374 2069 1498 2146 freter

379 2197 540 2295 Keresi,
560 2199 744 2276 utstatim
758 2197 913 2297 jmtatis
930 2198 969 2272 in
989 2195 1118 2272 fluium
1137 2193 1280 2272 Ticie.“
1303 2193 1365 2270 Et
1380 2214 1496 2291 mpu-

380 2333 488 2442 eruut
512 2348 641 2404 omues
666 2333 841 2422 quattuor
866 2326 990 2421 viros,
1018 2329 1058 2400 et
1083 2323 1187 2400 illico
1214 2320 1498 2400 submersorum

380 2474 457 2530 eos.
488 2453 572 2548 Ego
591 2453 739 2550 quidem
764 2453 910 2529 stubam
929 2459 967 2528 ct
984 2450 1062 2528 dixi
1080 2449 1179 2546 Regi
1198 2475 1207 2524 :
1232 2447 1380 2546 „vero
1405 2469 1496 2542 grc-

381 2578 592 2658 eiosissime
628 2579 773 2656 domine
811 2579 881 2674 mi,
919 2577 993 2654 diw
1020 2577 1299 2656 submerserunt
1329 2581 1496 2672 pontem,

383 2705 510 2782 neseio
530 2704 711 2804 quomodo
729 2705 888 2805 potestis
907 2705 998 2782 ire.“
1034 2703 1084 2780 Et
1106 2703 1189 2780 Rex
1218 2721 1332 2800 super
1359 2721 1499 2798 equum

383 2831 548 2928 sedebat,
568 2841 606 2908 et
624 2831 738 2914 currit
756 2831 804 2908 od
822 2831 968 2909 vedum.
995 2831 1145 2908 Extuno
1164 2827 1212 2906 od
1228 2825 1364 2908 vadum
1377 2829 1499 2926 jonue

382 2960 581 3036 maximam
610 2981 733 3038 serem
761 2965 798 3034 et
824 2967 951 3037 vectes
977 2957 1122 3036 ferreos
1151 2960 1404 3055 opposoemut
1429 2977 1499 3054 cp·

382 3087 505 3186 posito
524 3085 642 3185 Rege,
652 3093 694 3161 vt
702 3109 749 3163 ne
763 3093 892 3188 posset
901 3087 1070 3184 equitare
1079 3087 1178 3164 vltra
1194 3105 1330 3182 equom
1348 3079 1498 3160 Thicie.

385 3213 525 3290 Postea
553 3212 724 3312 precepit
750 3213 889 3320 nostris
912 3235 994 3289 cum
1021 3211 1224 3306 culicibus,
1244 3215 1287 3284 vt
1303 3209 1499 3304 frangere·

386 3359 468 3418 mus
482 3339 637 3438 januam
657 3360 740 3414 cum
754 3339 935 3434 vectibus,
954 3345 993 3416 et
1009 3359 1079 3416 nos
1096 3337 1224 3420 stetim
1241 3335 1499 3436 diremptum.

389 3465 443 3542 Et
458 3463 542 3542 Rex
560 3465 826 3563 interrogauit,
847 3466 932 3564 quis
944 3464 1059 3563 jussit
1075 3465 1317 3560 submergere
1334 3467 1499 3562 pontem.

386 3591 574 3672 Dixerunt
601 3591 773 3670 custodes
801 3591 936 3667 vadum
956 3588 1151 3691 Thokoy:
1176 3587 1321 3684 „Vere‚
1350 3586 1501 3666 dominc

387 3721 472 3800 Rex
490 3721 789 3817 clementissime,
810 3719 980 3799 dominus
1008 3717 1205 3796 Emericus
1217 3713 1333 3815 jussit
1360 3712 1501 3815 cyme

386 3873 434 3926 ex
452 3847 626 3928 mandato
645 3847 765 3946 Regis
785 3845 996 3945 Mojestotis
1014 3844 1154 3921 Vestro
1173 3840 1501 3942 (summissum

386 3975 544 4056 duxerat
572 3973 681 4072 quasi
710 3971 915 4072 captiuos.“
948 3970 1092 4046 Paulus
1120 3967 1265 4068 Bokytt
1283 3973 1321 4044 et
1340 3963 1500 4044 Germe·

387 4125 455 4181 nos
474 4099 663 4201 predictos
681 4099 721 4174 iu
739 4119 875 4196 equom
893 4097 1133 4192 submergere
1151 4093 1341 4192 precepit3
1358 4098 1406 4168 et
1420 4091 1501 4170 siu·

388 4229 549 4327 gillotim
576 4229 814 4328 projecerunt
832 4223 880 4300 od
898 4245 1035 4322 equom
1059 4221 1205 4334 'IJhioie
1235 4219 1287 4296 Et
1305 4219 1390 4299 Rex
1407 4219 1504 4300 vidit

389 4357 485 4434 inter
502 4356 637 4432 turbes·
648 4375 921 4450 suesmognom
940 4349 1224 4444 dissensionem,
1244 4353 1283 4424 et
1300 4346 1502 4446 dompumm

389 4483 548 4582 monde.
567 4503 785 4582 perpessum
823 4479 1001 4580 precipue
1037 4497 1222 4575 pauperes
1250 4473 1408 4568 Polemi,
1435 4473 1502 4570 qui

388 4617 570 4690 venerunt
587 4611 636 4687 ed
653 4609 796 4706 Regem
815 4607 841 4685 J
843 4607 975 4684 oannis
994 4605 1043 4682 od
1060 4600 1347 4703 protegendum,
1367 4607 1406 4678 et
1422 4623 1502 4676 mo·

391 4741 544 4818 ctabont
561 4759 638 4812 eos.
