3248 5210
20 1005 22 1050 r

20 1077 22 1134 t

1217 432 1309 522 ii·

152 622 234 700 ilio
260 645 351 720 eno,
379 633 420 699 vt
448 647 571 701 coram
590 621 696 720 Rege
714 631 752 700 et
770 648 895 702 coram
912 626 1186 721 regnicolarum
1205 628 1267 706 de-

151 763 333 850 poneret;
362 761 399 830 et
416 755 600 849 rogabant
618 753 664 828 de
683 755 853 831 manibus
873 755 952 830 suis
970 755 1184 854 Valentini,
1204 756 1268 855 qui

151 881 461 980 ecdcmtcmpore
481 879 725 956 erotidoneus
746 882 886 978 absque
906 881 1128 959 maturitate.
1149 883 1267 960 Etse-

150 1010 226 1084 mal
237 1007 446 1108 quodenset
464 1007 547 1084 Rex
558 1008 744 1084 invenatu
762 1005 978 1107 Nyek,24·b·l
997 1009 1049 1084 ibi
1060 1009 1163 1086 solus
1182 1009 1266 1086 Rex

154 1131 373 1212 Ludcuicus
392 1135 635 1228 exclamauit,
656 1148 692 1212 et
711 1141 850 1212 dicebat
871 1131 905 1235 ²¹¹)
929 1133 1124 1232 ,Andreas
1151 1136 1268 1213 Baton

20 1323 21 1340 ,
152 1271 212 1338 est
239 1265 401 1339 bonatus
419 1263 518 1339 arcis
537 1259 924 1339 Nandor-Albensis.“
946 1261 1007 1338 Ibi
1026 1265 1177 1340 stabant
1194 1263 1266 1339 duo

20 1395 21 1408 ¹
152 1387 293 1464 iratres
311 1388 506 1466 Valentini
531 1387 688 1464 Therek
715 1387 910 1484 videlicet,
940 1388 1092 1466 Blasius
1119 1388 1266 1490 Suljok,

153 1513 371 1613 Stephanus
398 1515 546 1592 Suliolr.
584 1515 772 1592 Dixerunt
799 1523 837 1591 et
864 1517 1104 1593 obstaremnt
1130 1517 1267 1595 dicioni

20 1603 22 1684 i
154 1639 276 1736 Regis
292 1640 493 1738 Ludcuici;
514 1649 551 1718 et
569 1642 639 1718 hec
657 1631 850 1718 dicebant:
874 1639 940 1738 „Si
950 1643 1107 1723 alteram
1124 1667 1267 1722 murum

152 1767 342 1844 obsidebit
369 1768 452 1846 Rex
481 1769 662 1866 Majestas
696 1769 855 1864 Vestra,
895 1777 932 1844 et
960 1771 1081 1846 altera
1108 1772 1266 1869 paritcm

153 1891 340 1992 Therone,
369 1919 443 1972 non
471 1895 706 1972 concedimus
744 1893 862 1970 donec
898 1897 1135 1993 quatra-ginta
1164 1898 1266 1974 milia

152 2020 310 2097 markos
328 2044 402 2099 non
425 2023 551 2100 soluat
577 2021 759 2120 Majestas
787 2024 938 2101 Vestra.
968 2023 1088 2124 Igitur
1113 2025 1266 2100 fratrem

153 2155 321 2224 nostrum
339 2171 414 2224 non
432 2148 643 2224 admitimus
661 2147 700 2222 in
720 2147 954 2247 dampnum.“

262 2272 345 2351 Rex
372 2273 586 2352 Ludcuicus
613 2275 737 2372 siluit,
772 2277 933 2352 nesciuit
960 2275 1108 2374 quidem
1135 2284 1266 2354 contra
1404 2340 1409 2348 .

20 2447 21 2508 3
152 2400 269 2498 loqui,
290 2409 327 2475 et
346 2401 520 2477 similiter
537 2401 710 2478 Andreas
729 2401 856 2498 Baton,
876 2403 915 2478 in
933 2403 1004 2478 hoc
1023 2405 1195 2480 euanuit.
1216 2404 1266 2478 Et

20 2559 21 2566 Ν
153 2531 280 2604 statim
298 2529 416 2603 eciam
442 2527 774 2624 congregacionem
802 2529 970 2606 fecerunt
987 2529 1026 2602 in
1045 2528 1199 2625 Rakos,
1229 2538 1266 2604 et

154 2654 298 2751 Regem
324 2652 554 2730 Ludcuicum
582 2652 627 2730 de
655 2653 762 2730 Buda
789 2655 887 2729 inter
915 2677 980 2731 eos
1004 2679 1139 2732 vocare
1167 2657 1264 2730 fece-

156 2789 259 2876 runt,
279 2789 320 2855 vt
338 2786 440 2856 esset
457 2802 625 2879 presens.
645 2780 697 2854 Et
715 2779 798 2856 Rex
816 2781 982 2878 timebat,
1004 2781 1092 2878 quia
1109 2787 1189 2856 tota
1206 2803 1263 2854 re-

153 2909 435 3002 gnicclenarum
453 2907 622 2983 sciebant
640 2913 850 3004 surreptam
869 2930 1043 2984 coronam
1061 2931 1129 3006 per
1146 2907 1263 2985 Joan-

153 3057 237 3110 nem
256 3031 519 3134 Sepnsicnsem
538 3032 584 3107 de
603 3033 832 3130 vissegrad,
862 3056 974 3131 quum
1002 3041 1265 3110 concesserant

155 3161 200 3236 ad
218 3185 351 3237 manus
370 3161 425 3238 eis
450 3160 653 3238 custodien.
683 3162 767 3238 Rex
794 3161 1007 3239 Ludcuicus
1034 3163 1121 3258 init,
1148 3170 1185 3238 et
1203 3186 1263 3238 ca·

152 3287 294 3362 tedrasm
322 3311 496 3384 magnam
524 3288 793 3364 constituerunt
811 3288 867 3384 ei,
893 3295 933 3362 vt
951 3289 1097 3364 audiret
1115 3291 1162 3366 ab
1180 3290 1263 3364 vni·

153 3414 274 3492 uersis
301 3413 495 3510 Hungaris
522 3416 737 3512 proposita3
768 3422 805 3489 ct
822 3438 891 3490 sua
919 3415 1101 3513 Majestas
1118 3439 1263 3492 rursum

155 3539 336 3618 dicionem
355 3565 461 3618 suam
480 3542 684 3618 voluntatis
702 3551 939 3640 proponeret.
961 3544 1012 3618 Et
1022 3545 1078 3620 sic
1097 3543 1264 3620 ascendit

156 3666 248 3744 Rex.
269 3669 364 3744 Erat
382 3665 622 3763 adolescens,
651 3690 806 3765 cumque
826 3670 865 3743 in
884 3669 1037 3746 catedra
1065 3669 1264 3764 creccisset

156 3817 213 3888 sc,
242 3795 282 3870 in
308 3795 439 3892 primis
466 3817 552 3870 mox
579 3797 695 3871 verbo
722 3818 791 3872 sua
819 3795 1015 3890 clamauit,
1035 3803 1076 3870 vt
1094 3795 1263 3872 Joannes

20 3931 21 3960 ¹
158 3920 314 3997 raiucda
331 3921 382 3998 sit
400 3925 626 4018 gubernator
646 3920 931 4018 Hungarorum;
953 3920 1051 4017 quod
1069 3921 1263 3997 audientes

158 4049 299 4144 quidam
327 4049 530 4125 dicebant:
563 4049 710 4146 „Benc,
738 4050 833 4125 bene
853 4056 910 4124 est
928 4047 1032 4142 Rex3
1062 4048 1149 4145 quia
1177 4045 1260 4122 Rex

159 4172 333 4274 disjectas
351 4177 438 4254 Tua
455 4176 576 4252 adbuc
595 4199 670 4253 non
688 4176 802 4254 habet
820 4183 977 4272 etatem,
999 4176 1081 4273 ipsc
1101 4174 1262 4250 vaiuoda

20 4349 21 4412 3
158 4302 295 4397 quidem
322 4305 417 4382 satis
444 4306 646 4403 aprobatus
674 4311 712 4380 et
739 4304 920 4380 astutus.“
953 4301 1112 4394 Quidam
1136 4302 1260 4377 obsta-

20 4511 21 4544 Ν
156 4427 258 4526 bant,
287 4453 375 4529 pars
401 4432 540 4527 maj0r;
571 4429 658 4527 quia
686 4437 786 4508 essct
813 4450 971 4525 magnus
999 4427 1193 4520 dominus,
1223 4433 1261 4502 et

193 4693 225 4762 θ)
240 4691 304 4751 Mi·
316 4693 371 4752 kda
383 4713 451 4768 „per
469 4695 652 4764 occasionem,
668 4699 697 4750 et
709 4694 806 4749 cirita·
