3248 5210
1180 467 1231 546 47

233 671 285 747 Et
302 677 384 747 erat
402 693 496 747 vnus
514 673 696 746 mercator
723 665 870 746 nomine
897 662 1077 744 Nicolaos
1105 663 1235 744 Sanko

127 799 174 874 de
192 797 343 874 ciuitate
361 797 595 874 Dobrownik
614 794 660 898 ²³),
688 796 750 892 qni
769 795 936 894 linguam
954 794 1120 871 habebat
1138 793 1234 871 Tur-

125 925 263 1021 calem,
282 925 450 1022 linguam
468 922 763 1020 Hongaricalem
781 945 955 1020 paruam,
975 922 1142 1018 linguam
1159 921 1236 997 Ita·

125 1051 260 1149 licam,
289 1050 456 1146 linguam
486 1047 769 1144 Germanicam,
805 1048 971 1144 linguam
999 1047 1236 1125 Slauonioam

125 1201 193 1254 seu
228 1177 466 1254 Traeianam.
505 1175 754 1268 Quamobrem
792 1174 1060 1272 Strigoniensis
1088 1183 1169 1252 erat
1198 1178 1237 1251 in

126 1303 296 1380 Consilio
321 1303 441 1400 Regio
472 1302 685 1402 Majestatis
714 1302 850 1379 senior.
885 1301 1122 1410 Constituere
1149 1303 1237 1379 tecit

131 1431 329 1505 Nicolaum
355 1428 500 1525 Sanko,
527 1436 568 1504 vt
591 1429 674 1526 ipse
699 1429 749 1506 sit
772 1429 919 1526 legatus
944 1428 990 1504 de
1008 1428 1114 1524 Rege
1133 1429 1238 1506 Hun-

129 1579 302 1650 garorum
321 1578 467 1655 semper
476 1555 524 1630 ad
534 1552 713 1632 Cesarem
732 1555 950 1630 ettnicornm
965 1555 1054 1632 talis
1072 1555 1238 1669 idoneus.

133 1683 184 1755 Et
201 1681 370 1758 dominns
390 1681 658 1779 Strigoniensis
677 1681 862 1758 ordinauit
880 1681 952 1758 sibi
971 1681 1117 1758 domum
1135 1683 1240 1759 Bnde

133 1808 242 1904 duas,
263 1816 301 1886 et
318 1831 430 1884 vnam
458 1810 634 1886 ancillam
659 1809 707 1884 ad
734 1810 940 1906 legitimum
968 1809 1239 1885 matrimonium

133 1934 177 2010 ‹le
200 1959 339 2031 genere
362 1935 555 2032 Italicam,
583 1944 620 2014 et
642 1937 759 2013 filiam
791 1936 885 2012 fisiei
909 1936 1027 2032 Regis
1054 1935 1238 2014 siluestri.

134 2064 182 2138 Et
199 2087 353 2162 comque
371 2067 567 2164 sepissime
593 2067 691 2165 cepit
709 2066 902 2142 ambulare
920 2065 959 2140 in
978 2064 1174 2161 legacione
1191 2065 1239 2141 ab

134 2189 395 2288 Hungarorum
413 2191 519 2289 Rege
538 2215 669 2269 versus
679 2192 886 2268 anearum
896 2189 1061 2286 Cesaris,
1074 2198 1110 2266 et
1119 2191 1240 2291 ipsum

134 2313 337 2394 lurcorum
356 2317 475 2396 Cesar
494 2320 693 2417 destruxit,
713 2328 754 2395 vt
772 2321 901 2419 pocius
920 2321 955 2396 ei
975 2320 1134 2397 seruiret
1151 2320 1239 2396 fide-

131 2445 215 2520 liter
242 2469 352 2543 qnam
381 2447 584 2545 Hungaris.
614 2449 665 2524 Et
682 2449 874 2547 pollicitus
894 2455 975 2525 erat
1000 2447 1172 2543 Gesseris,
1203 2455 1240 2523 et

134 2573 277 2667 qnando
306 2574 425 2649 iturus
452 2575 575 2650 fuerat
606 2575 655 2650 ad
688 2575 865 2650 anciam
899 2598 1048 2673 semper
1080 2573 1241 2650 fideliter

134 2701 414 2798 pronunctiabat
441 2701 486 2778 (le
514 2702 708 2799 Hungaris
735 2705 836 2779 bona
862 2709 899 2778 et
926 2703 1037 2778 mala.
1067 2698 1155 2802 ¹⁶·lv·
1191 2701 1242 2774 Et

134 2826 264 2901 vadum
297 2827 460 2902 habebat
491 2851 639 2927 semper
668 2850 736 2926 per
767 2827 980 2904 Danubium
1016 2825 1081 2901 fini
1109 2849 1241 2902 versus

134 2955 302 3054 obposito
323 2957 570 3033 Bamonostra
589 2959 689 3034 vltra
717 2965 878 3034 montem
907 2955 1164 3048 sirmiensem,
1194 2952 1243 3028 ad

135 3081 254 3157 cuiam
271 3080 336 3158 flui
355 3082 470 3158 Zawa
488 3083 709 3182 Verspacha
729 3084 898 3183 obposita
918 3107 1064 3182 semper
1080 3082 1244 3158 habebat

134 3209 202 3282 iter
229 3229 334 3284 snum
361 3209 558 3305 egrediens
586 3217 623 3285 et
649 3211 874 3306 ingrediens.
903 3211 956 3286 Et
978 3209 1094 3285 'Porci
1121 3208 1242 3307 ipsum

135 3335 304 3410 solebant
330 3355 476 3434 semper
494 3357 581 3410 com
600 3335 804 3434 quingenta
832 3336 1016 3433 equitibus
1044 3336 1242 3435 explorare

137 3483 251 3558 esque
271 3462 320 3536 ad
337 3463 472 3538 vadum
491 3463 609 3539 Inclra
637 3465 784 3541 vadum.
815 3465 866 3539 Et
884 3465 1001 3540 multa
1019 3486 1080 3541 res
1099 3463 1241 3538 Tucca·

139 3609 211 3662 rum
231 3590 476 3666 mereanciam
495 3593 653 3690 portabo
671 3615 796 3668 secum
815 3590 864 3666 ad
882 3589 1042 3686 Budam,
1063 3596 1101 3666 et
1118 3589 1242 3665 nullus

140 3713 338 3811 Hungarus
365 3718 557 3814 equitabat
584 3739 667 3793 cum
695 3742 760 3814 eo,
790 3718 857 3794 sed
892 3717 1035 3794 mixtim
1063 3716 1177 3792 Turci
1205 3721 1243 3790 et

141 3838 232 3916 ltali.
252 3841 303 3916 Et
321 3841 432 3938 ulgus
452 3843 714 3941 Hungarorum
734 3845 844 3921 valde
864 3843 1055 3938 dolebant,
1077 3843 1240 3940 quicum

142 3963 268 4044 tinibus
287 3967 526 4066 habitabant,
555 3979 592 4046 et
611 3995 758 4071 semper
786 3971 933 4048 dicebat
956 3993 1082 4046 coram
1101 3970 1242 4047 cunctis

141 4101 220 4189 [cor
238 4092 293 4194 **)
312 4096 449 4175 limites
468 4097 622 4174 dicendo
643 4127 651 4172 :
677 4098 734 4196 ,O
754 4099 935 4195 quomodo
952 4098 1077 4178 statim
1096 4096 1242 4195 perdita

143 4221 205 4295 erit
228 4222 302 4298 ista
325 4223 558 4324 nobilissima
584 4232 685 4301 terra
712 4247 794 4300 com
825 4233 936 4322 gente
956 4225 1060 4301 sna.“
1091 4223 1144 4298 nt
1161 4225 1241 4298 lan·

144 4346 245 4424 dabat
263 4349 389 4446 vtique
407 4351 446 4426 in
464 4351 599 4428 siluam
623 4351 901 4450 Zirimienscm,
923 4359 961 4428 et
979 4350 1087 4449 quasi
1105 4350 1242 4448 etipse

173 4653 202 4721 .,
221 4655 299 4710 m„
318 4655 479 4727 „W

169 4765 200 4836 ”l
219 4763 299 4820 Am
321 4763 452 4838 „lusu-⁸⁴
