3248 5210
1131 490 1204 576 131
1339 459 1342 468 ’

106 701 178 770 runt
201 693 310 770 nobis
337 691 543 771 Garamani
569 691 734 790 Regem,
773 714 892 792 nsque
920 691 1093 790 Regnum
1119 715 1207 796 post

107 819 292 896 asianam
316 840 391 895 non
418 818 571 913 regitur.
601 816 662 893 Ex
681 817 737 895 eis
755 819 927 917 parribus
954 818 1148 918 Huagaris
1165 832 1207 900 vt

106 946 263 1040 veniant,
294 944 384 1043 quia
409 943 508 1020 inter
536 943 682 1020 alienos
709 945 882 1040 gentibus
905 968 981 1021 non
999 948 1206 1048 surripiunt

105 1072 264 1150 beniuolo
283 1070 426 1168 anim03
443 1069 559 1166 igitur
575 1069 729 1148 veniant
746 1093 855 1169 quam
873 1072 1068 1171 primum.“

420 1389 751 1496 (carrariam
785 1381 886 1529 xi).

198 1594 252 1669 Et
268 1593 315 1668 de
335 1592 413 1667 alia
429 1598 537 1691 parte
556 1590 709 1668 miserat
726 1592 967 1690 inquisitores
976 1615 1111 1694 carpus
1130 1595 1205 1674 Lu·

105 1719 213 1796 ‹louiai
232 1717 353 1815 Regis
371 1718 409 1792 in
428 1718 511 1795 loro
530 1715 794 1794 conflictionis.
815 1717 867 1793 Et
883 1726 966 1797 erat
983 1720 1093 1797 valde
1105 1745 1205 1800 ama·

105 1847 181 1924 bilis
207 1868 306 1922 vaus
333 1844 552 1943 capellanus
579 1843 727 1920 nomine
764 1843 945 1925 Nicolaus
981 1845 1141 1944 'I'hatai‚
1170 1859 1209 1926 et

106 1973 213 2072 ipsum
243 1973 360 2071 elegit
387 1971 557 2050 Joannes
585 1971 757 2050 vaiuoda.
796 1972 848 2046 Et
874 1973 1026 2050 invento
1053 1997 1207 2076 corpore

105 2107 340 2198 portauerant
357 2100 432 2175 iam
450 2098 499 2173 ad
517 2097 868 2196 Albam-Regalam.
898 2097 1065 2198 Cumque
1084 2102 1207 2180 audis·

106 2233 154 2304 set
168 2227 195 2305 J
196 2249 340 2304 oannes
358 2225 539 2319 vaiuoda,
569 2224 667 2321 quod
685 2225 906 2320 invenisset,
926 2225 1030 2304 illiao
1049 2228 1210 2306 iusserat

105 2353 143 2428 de
159 2377 254 2454 puro
273 2375 365 2429 auro
394 2375 568 2464 caronam
596 2351 781 2430 fabricare
809 2373 891 2428 eum
910 2355 992 2430 auri
1011 2355 1208 2434 fabricato·

105 2479 196 2560 risus
214 2504 284 2582 per
301 2479 483 2558 iacobum
503 2477 693 2574 'Phornai‚
724 2486 761 2553 et
779 2479 893 2556 cicius
912 2480 1086 2560 laborare
1105 2507 1208 2560 man·

106 2605 261 2684 lauerat.
289 2605 340 2702 Et
357 2605 443 2684 inde
462 2604 507 2680 de
527 2603 634 2681 Buda
652 2605 768 2681 mouit
786 2630 828 2682 se
847 2605 1017 2685 loannes
1034 2609 1208 2706 vaiuoda,

107 2731 185 2834 Ἢν·
196 2736 298 2835 quod
308 2731 474 2812 audisset
489 2735 563 2809 iam
573 2757 708 2833 corpus
727 2734 901 2811 inventus
920 2735 1209 2814 essatLudouiai

107 2857 235 2959 Regis,
256 2867 296 2936 et
314 2883 453 2938 corona
481 2860 578 2960 qaod
596 2861 671 2936 iam
688 2869 862 2960 prompta
880 2870 992 2939 esset.
1022 2861 1150 2941 Creuit
1168 2888 1209 2943 se

107 2987 217 3087 ipsum
236 2997 276 3066 et
293 2989 536 3064 dormiuimus
554 2988 594 3066 ir
613 3012 688 3063 vna
706 2989 800 3065 villa
819 2987 1093 3069 Martonvasar.

205 3117 258 3192 Et
288 3115 467 3216 Pastieny
493 3119 648 3190 venerat
667 3111 895 3212 Gregorius,
916 3121 1003 3194 tunc
1020 3117 1094 3193 iam
1113 3118 1213 3217 cepit

107 3243 336 3320 consiliarius
354 3264 438 3320 esse
456 3241 596 3320 loanni
615 3240 785 3318 vaiuole.
806 3239 916 3333 Quod
934 3265 1006 3340 ego
1025 3243 1113 3338 vidi,
1133 3243 1211 3318 dixi

108 3367 248 3446 incana
266 3367 493 3445 consiliariis
521 3367 620 3461 suis,
650 3367 847 3462 videlicet,
877 3366 1019 3466 Georgi
1045 3368 1156 3446 Bassi
1175 3377 1213 3446 et

109 3495 366 3574 Bartholomeo
395 3493 581 3571 Horwat:
610 3493 718 3592 „Ego
747 3494 857 3572 valde
885 3495 997 3571 timeo
1025 3495 1211 3574 loannem

109 3625 298 3702 vaiuodam
315 3623 501 3698 destruen.
514 3621 703 3698 aronsilio
723 3619 900 3719 Gregorij
920 3621 1111 3722 Pestieny.
1131 3623 1212 3700 Vos

110 3751 247 3846 quidam
270 3769 391 3847 vsqua
410 3746 481 3823 hoo
498 3753 646 3846 tempus
663 3769 746 3824 aum
764 3748 861 3824 bono
890 3747 1047 3825 oonsilio
1065 3747 1212 3824 iouistis

110 3873 896 3954 dominacionesvestredominumvestrum.
916 3871 1089 3952 Credatis
1108 3873 1210 3968 mihi,
1288 3908 1300 3938 x

110 3999 257 4080 domini.
288 3999 489 4100 quodiam
517 3999 578 4076 hio
606 4000 723 4077 oritur
751 4000 911 4076 consilia
933 3999 1034 4076 mala
1061 4000 1214 4097 anigro

110 4137 295 4228 serpente3
325 4128 429 4225 quia,
458 4125 596 4203 domini
625 4128 717 4222 mai,
755 4127 885 4206 sciatis
913 4149 988 4224 me,
1018 4125 1117 4225 quod
1143 4147 1214 4222 ego

110 4251 219 4352 ipsum
238 4255 285 4332 de
304 4255 428 4332 officio
449 4276 539 4349 auo,
569 4253 654 4330 dum
674 4255 797 4330 fuerat
814 4253 987 4352 prouisor
1004 4251 1214 4329 Varadien·

110 4378 159 4455 sis
173 4389 208 4458 et
225 4403 299 4478 ego
318 4379 538 4478 capellanus
565 4379 866 4458 reuerendissimi
896 4378 1090 4454 Francisai
1109 4377 1215 4455 Prini

110 4503 262 4605 fueram,
292 4507 391 4607 quod
419 4513 501 4586 erat
526 4507 707 4607 prodigus
733 4506 844 4584 valde
864 4513 909 4611 :et
935 4505 1139 4607 disripatur
1156 4527 1216 4581 ea·

112 4631 484 4732 rirsiaVaradiansis,
497 4635 674 4733 egointro
686 4655 931 4712 aausaueram
941 4655 1025 4710 aum
1042 4650 1216 4710 reueren-

113 4755 253 4838 lissima
292 4761 515 4840 Varadiensi
550 4761 727 4839 talimodo
758 4789 766 4836 :
798 4757 1124 4946 Reuerendigsime
1152 4755 1215 4836 do·
