3260 5226
345 471 428 574 4⁰8

346 683 384 756 et
401 676 537 756 blondi.
566 676 617 754 Et
633 677 731 776 qnod
748 678 805 756 eie
823 677 966 756 audiuit
983 675 1103 757 (teser
1122 677 1260 758 Zolten
1277 678 1353 756 Zet

344 827 431 882 mox
449 827 491 880 se
509 827 551 882 ee
568 802 707 882 direxit
723 804 772 882 ed
790 804 935 885 Budem
953 803 1140 900 vieidnre3
1168 811 1206 882 et
1228 827 1312 882 oum
1329 810 1372 882 tr.

343 931 417 1030 pho
444 930 605 1008 maximo
632 930 744 1028 redijt
768 929 924 1030 pooifioe
952 931 1001 1008 ed
1027 928 1199 1030 Regnum
1226 929 1386 1010 ouum(

344 1056 675 1155 etentinopolitene
701 1057 842 1132 vrbem.
871 1054 963 1132 Inde
992 1056 1160 1135 Joennee
1187 1055 1349 1134 veiuode
1375 1079 1407 1132 m

343 1184 447 1262 olene
475 1205 559 1260 esee
588 1182 731 1259 Budem
769 1182 959 1258 ciuitatem
996 1190 1192 1260 recentem
1230 1167 1317 1260 enm¹
1341 1181 1425 1260 Pes.

343 1309 513 1404 ciuitate,
543 1315 581 1384 et
607 1314 690 1385 eret
715 1307 1015 1406 vigintiquinque
1036 1308 1200 1386 miliario
1218 1331 1243 1384 e
1261 1307 1379 1385 Budu.
1410 1307 1443 1384 E

343 1435 446 1514 misit
472 1457 585 1510 vnum
612 1435 767 1510 militem
796 1433 1020 1532 Hungerum
1037 1435 1185 1512 nomine
1209 1431 1462 1512 Gottberdum

342 1563 443 1640 Kwn
463 1561 512 1638 ed
530 1561 797 1661 ooeupendnm
818 1567 856 1636 et
874 1561 930 1638 sio
948 1561 1091 1639 Budem
1110 1561 1273 1662 optinuit
1289 1561 1463 1640 Joonneu

341 1687 512 1766 vninode.
541 1689 592 1764 ut
609 1709 692 1766 oum
710 1688 889 1765 intrasset
907 1687 947 1764 in
966 1710 1053 1765 eree
1071 1687 1214 1765 Buden.
1234 1667 1275 1764 in
1291 1685 1462 1784 profesto

342 1813 518 1892 Omnium
538 1811 770 1908 Sanctorum,
790 1819 827 1890 et
844 1820 932 1912 pont
949 1813 1146 1912 prandium
1154 1817 1394 1893 eooeeeerunt
1410 1811 1461 1888 ed

340 1941 525 2020 Joonnem
553 1940 753 2020 veiuodem
781 1947 924 2040 septem
953 1940 1025 2016 viri
1053 1941 1197 2020 socrui
1214 1939 1373 2042 quilibet
1390 1937 1458 2016 he·
1556 2041 1562 2048 Ι

339 2070 423 2146 ben.
442 2089 509 2168 pro
529 2089 571 2144 ee
591 2090 702 2144 vnem
721 2068 867 2146 oleuum
886 2066 1230 2164 iumentorum,
1250 2063 1460 2144 etinoimul
1567 2123 1573 2134 .

339 2193 478 2294 poplite
496 2213 610 2272 enrno
639 2192 815 2270 dixerunt
833 2193 869 2270 ei
889 2219 898 2269 ε
922 2190 1137 2292 „Quidquid
1161 2191 1268 2274 nobie
1286 2190 1458 2270 oommio·

338 2328 442 2403 reret
459 2321 600 2400 Vestro
619 2319 907 2418 Magnifioeneie
936 2319 1226 2400 ordinenimno.“
1258 2320 1309 2396 Et
1327 2319 1385 2398 oie
1400 2317 1457 2394 in·

339 2448 438 2546 oepit
464 2447 635 2528 Jounnee
662 2447 826 2526 veiuode
849 2447 1042 2526 uoieoitere
1070 2447 1116 2524 de
1142 2447 1249 2546 Rege
1267 2443 1457 2524 Lodouioo

337 2573 447 2674 quasi
465 2573 637 2651 nesciret.
657 2573 709 2650 Et
725 2573 824 2652 inter
842 2573 1005 2652 curiales
1023 2573 1095 2652 beo
1112 2595 1270 2652 neooere
1288 2571 1459 2671 tenerent

338 2701 495 2799 poethee
512 2702 688 2800 curiales,
708 2701 809 2800 quod
827 2701 1141 2803 aliquispisootor
1149 2699 1359 2778 invenisset
1368 2699 1455 2776 eub-
1587 2780 1593 2794 ,

339 2834 566 2932 mergentem
594 2851 731 2928 eorpus
768 2829 849 2907 eine
877 2828 917 2904 in
954 2851 1030 2904 vna
1058 2849 1222 2906 onuerne
1247 2825 1353 2904 iuxte
1379 2825 1455 2904 leei

340 2952 460 3032 Chele
487 2953 631 3054 Regem
659 2954 901 3034 Lodouionm.
932 2955 985 3032 Et
1011 2954 1114 3033 misit
1131 2977 1202 3032 noe
1219 2953 1313 3034 duos
1329 2951 1456 3054 oepel-

338 3079 448 3158 lenoe
465 3087 552 3180 poet
568 3081 692 3180 iprum
709 3103 779 3182 per
797 3082 890 3160 duee
917 3081 1141 3180 quadriges,
1170 3087 1209 3156 et
1224 3078 1281 3159 nio
1297 3101 1381 3155 eum
1399 3077 1456 3156 in-

340 3205 511 3283 venimus
529 3205 660 3284 eedem
686 3207 808 3286 forme
834 3207 931 3284 mont
956 3206 1136 3307 seriptum
1156 3212 1214 3283 eet
1231 3205 1277 3282 de
1295 3205 1397 3304 ipso,
1416 3211 1459 3282 vt

338 3352 465 3430 supro.
494 3331 546 3406 ut
564 3355 697 3432 eorpus
717 3354 785 3412 eus
813 3336 955 3432 absque
982 3333 1121 3410 olieoto
1148 3333 1380 3432 porteuimuo
1406 3331 1457 3408 ed

337 3457 474 3537 Albam
499 3458 683 3558 Regelem
710 3461 759 3537 ed
786 3459 1070 3560 sepelliendum.
1098 3459 1267 3540 Joennee
1294 3459 1457 3538 veiuode

337 3583 383 3660 de
402 3583 511 3662 Bude
527 3607 733 3698 preparare
763 3586 853 3662 leoit
879 3585 952 3664 eibi
977 3585 1023 3662 de
1042 3593 1151 3664 oento
1177 3607 1293 3664 aureo
1311 3585 1455 3664 floreno

337 3734 448 3788 unum
486 3733 661 3790 eoronam
698 3713 809 3792 nimie
844 3714 1013 3812 pulonem
1051 3735 1133 3788 oum
1165 3709 1388 3808 aurilebrie,
1417 3721 1458 3790 et

337 3837 506 3942 epelliuit
523 3860 607 3916 oum
625 3839 788 3938 honore,
817 3838 914 3918 siout
932 3838 1038 3916 deoet
1057 3838 1202 3936 Regem
1221 3846 1260 3916 et
1276 3846 1454 3940 tunquam

337 3965 525 4043 dominum
549 3989 659 4044 snum
676 3968 890 4066 graciosum
908 3966 948 4042 in
966 3965 1027 4042 die
1045 3963 1174 4042 Sunoti
1192 3965 1346 4046 Martini
1361 3981 1451 4046 'oon-

334 4091 490 4170 teeoorie
507 4091 547 4168 in
565 4091 717 4174 Sebeto.
747 4095 797 4170 Et
816 4117 858 4171 oe
874 4093 997 4194 ipsum
1016 4113 1195 4172 ooronere
1211 4093 1303 4172 feeit
1319 4094 1360 4172 in
1375 4091 1451 4172 Re·

336 4239 422 4315 gem
440 4215 707 4316 Hungerorum
725 4221 765 4298 in
783 4217 983 4298 Dominioo
1002 4217 1074 4314 die,
1094 4239 1205 4317 quern
1219 4219 1363 4296 demum
1382 4221 1450 4298 mi·

340 4343 439 4424 nime
457 4345 631 4424 colebant
649 4367 732 4424 eum
748 4371 795 4424 eo
813 4345 1037 4424 metuebant.
1058 4343 1111 4420 Et
1129 4344 1187 4421 eie
1203 4343 1290 4424 finis
1308 4351 1368 4424 ent
1383 4369 1452 4446 per

340 4493 455 4548 vnnrn
482 4472 656 4551 deuotum
675 4477 912 4578 oupellunnm
929 4491 1056 4568 ouum,
1077 4469 1139 4570 qni
1166 4471 1238 4550 sibi
1255 4473 1325 4550 snit
1342 4474 1454 4554 uelde

335 4597 531 4698 praetorne
559 4601 728 4682 dominus
755 4603 840 4682 Rex
868 4598 1094 4680 Lodouioue.
1123 4595 1181 4676 Ao
1207 4597 1283 4676 vidi
1302 4606 1340 4678 ot
1357 4601 1451 4680 uidi·

335 4747 417 4813 mue
437 4748 461 4800 r
480 4726 600 4810 latero
620 4731 751 4808 dextro
769 4729 843 4808 trie
860 4727 993 4806 fixura.
1018 4721 1118 4816 Quin
1136 4723 1220 4804 Rex
1237 4723 1451 4814 Lodouiout
