3260 5226
1146 503 1225 582 ³41

93 704 290 778 dominum
320 703 557 799 magnificum
587 701 835 802 Tharnoeky,
866 703 929 800 qui
957 703 1083 778 inerat
1109 701 1228 778 bonne
1348 737 1354 752 ·

95 833 243 928 hospes
262 831 302 906 in
321 830 451 906 'Panno
470 837 639 928 tempore
658 828 896 906 nenessitatie
914 827 984 904 eni.

210 957 263 1031 Et
281 954 342 1008 ¹⁰¹·
353 953 392 1056 iv·
414 955 639 1032 venerated
658 954 789 1032 Vered
813 954 985 1031 dominns
1003 951 1226 1052 Tbennoekj

95 1107 187 1159 oum
205 1107 385 1181 germano
404 1105 472 1159 eno
492 1081 616 1157 Looki
644 1103 727 1157 enm
746 1103 884 1177 magno
903 1080 1065 1175 honore;
1086 1085 1124 1154 et
1140 1077 1226 1156 Rex

90 1213 177 1308 jem
198 1211 351 1286 volebat
370 1209 417 1285 ad
436 1209 631 1308 prandium
660 1207 804 1284 sedere.
835 1208 887 1284 Et
911 1207 1082 1285 dominun
1100 1205 1226 1283 Ther·

97 1337 220 1435 noekj
240 1337 382 1435 incepit
399 1337 502 1411 lente
520 1335 656 1410 elicere
675 1343 852 1432 tenqnom
869 1337 1007 1410 bonum
1026 1331 1223 1432 hospitem,

97 1471 137 1537 et
156 1473 340 1560 tanquam
358 1463 635 1538 benefactorem
660 1483 767 1537 enum
793 1471 961 1558 tempore
988 1459 1226 1536 necessitatis

98 1591 175 1666 eni.
208 1591 317 1666 Dixit
345 1591 515 1666 dominun
539 1587 734 1665 Ternoeki
764 1587 812 1663 nd
830 1587 973 1682 Regem
994 1615 1003 1662 ε
1028 1585 1222 1683 ,Serenia-

97 1717 198 1791 eime
219 1715 323 1809 Rex,
353 1738 399 1789 ne
418 1715 544 1790 tedeet
562 1715 699 1790 Veetne
718 1711 960 1809 Regiestotie.
990 1712 1073 1809 Ego
1091 1712 1224 1811 spondi

98 1843 150 1916 en
170 1841 282 1916 tidem
303 1841 434 1936 meom,
456 1841 554 1937 qnod
573 1861 694 1935 neque
713 1839 916 1935 comedam,
937 1861 1058 1937 neque
1076 1839 1224 1934 bibem3

101 1969 224 2045 donee
244 1968 294 2044 eit
315 1968 528 2062 gronioons,
559 1973 597 2042 et
624 1967 800 2042 dimissus
828 1965 998 2042 dominns
1025 1965 1149 2041 Laoki
1178 1965 1223 2040 de

103 2095 259 2169 vinonio
289 2117 356 2194 per
385 2095 561 2172 Ventrem
589 2091 849 2189 Majmtetem,
882 2093 971 2190 quie
997 2092 1225 2168 solummodo
1333 2179 1340 2188 ,

101 2219 198 2295 neni
222 2228 375 2316 propter
394 2219 513 2315 ipsum
533 2218 580 2294 ad
603 2218 895 2313 Regieetatem.“
919 2217 1028 2293 Dixit
1055 2217 1137 2292 Rex
1157 2217 1225 2294 Jo-

101 2367 243 2422 ennes:
259 2345 369 2441 „Jam
390 2343 512 2439 oredo,
536 2343 633 2440 qnod
651 2367 725 2420 non
745 2345 875 2419 vinit.“
899 2345 1109 2422 Dixernnt:
1134 2342 1224 2440 ,Se-

100 2473 304 2549 reniseime
332 2472 434 2564 Rex,
465 2471 585 2546 adbne
605 2472 699 2546 vinit
717 2471 933 2547 Jeronimne
960 2470 1117 2547 Leeki.“
1140 2469 1224 2545 Rex

103 2621 217 2696 qnnm
237 2599 464 2692 andiuieeet,
483 2621 571 2673 mox
592 2598 631 2672 in
652 2599 780 2673 dolore
800 2598 964 2696 eooepit,
995 2604 1032 2671 et
1059 2595 1221 2672 mirobe-

101 2735 176 2821 tnr,
197 2726 296 2823 qnod
315 2725 437 2800 adhue
456 2720 599 2799 vineret
626 2723 874 2824 Veywodieh.
907 2722 1017 2820 „Diw
1045 2743 1222 2820 precepe-

102 2875 185 2928 rom
214 2851 421 2927 onotelleno
450 2850 614 2944 Amede,
645 2848 743 2946 qnod
771 2850 844 2926 oito
873 2871 999 2924 enrmn
1026 2847 1223 2925 edbnimet

102 2979 205 3075 ipne3
234 2977 300 3054 sed
328 3001 398 3054 ena
424 2978 574 3054 fortune
592 2977 646 3050 ite
664 2975 822 3051 reduxit.
853 2975 941 3050 Fiet
958 2975 1033 3051 eibi
1050 2974 1218 3070 greeie.“

105 3105 158 3180 Et
186 3103 357 3179 dominns
382 3101 604 3178 Tbernooki
633 3101 744 3176 valde
781 3101 993 3196 greoiernm
1031 3100 1221 3203 ¹oeoionem

103 3233 248 3306 iecerat
275 3228 499 3324 Regieeteti.
530 3229 581 3303 Et
599 3227 653 3303 ait
673 3228 755 3303 Rex
775 3256 785 3302 ε
810 3226 943 3326 ,Quod
960 3229 994 3304 ei
1012 3230 1222 3327 portabitur

104 3358 152 3432 mi
173 3355 418 3432 Waredinnm
446 3353 539 3449 bno,
569 3355 656 3430 volo
676 3363 716 3429 vt
734 3377 793 3430 me
812 3377 859 3429 ne
878 3352 1022 3449 videat,
1052 3377 1122 3430 nee
1150 3377 1221 3450 ego

104 3483 262 3580 ipsum.“
296 3483 347 3556 lit
365 3481 475 3556 valde
504 3479 657 3556 difficile
686 3481 860 3558 misertus
878 3489 960 3556 eret
977 3503 1091 3579 snper
1107 3481 1220 3556 lotro-

104 3633 209 3702 nem,
239 3607 327 3705 qnia
345 3616 382 3682 et
400 3607 483 3706 ipse
501 3607 699 3684 meruisset
717 3608 873 3684 eandem
891 3608 1149 3707 punitionem,
1168 3607 1220 3684 ei·

102 3743 165 3810 ent
184 3741 222 3810 et
251 3735 367 3810 oeteri
396 3757 477 3810 enm
506 3727 768 3831 gubernatore
782 3735 823 3810 in
851 3734 1007 3831 Megiee.
1037 3734 1088 3810 Et
1114 3739 1220 3812 ente·

104 3885 215 3962 quem
255 3883 339 3936 enm
378 3859 511 3938 dnotne
547 3867 629 3938 eret
655 3861 703 3936 ed
732 3861 990 3960 captiuitatem
1024 3861 1221 3979 onetelleni

104 3989 360 4087 Regieetntie,
390 3989 534 4066 domum
554 3990 593 4064 in
613 3990 767 4066 oinitete
784 3989 1081 4092 depredenerent
1096 3988 1220 4066 totali·

105 4125 172 4194 ter.
203 4117 254 4192 Et
271 4123 398 4192 ventes
425 4117 617 4215 preciosos
636 4118 682 4194 de
701 4117 823 4194 terico
841 4117 1043 4194 subductas
1061 4115 1108 4192 de
1124 4115 1220 4194 ontis

101 4241 303 4320 sabellinis
321 4263 468 4318 rursum
486 4243 738 4318 eontnllerant
756 4243 803 4318 ei.

211 4367 264 4444 Et
282 4391 366 4444 mox
392 4369 542 4446 indutne
569 4376 671 4464 eret,
700 4374 737 4443 et
765 4369 803 4444 in
832 4377 966 4446 oetene
993 4367 1124 4447 Trium
1143 4369 1216 4448 Re·

101 4517 211 4594 gum,
232 4517 305 4592 qne
325 4493 458 4572 dieitur
485 4495 722 4595 Epiphanio,
743 4503 781 4570 et
798 4494 895 4572 sedit
913 4502 1110 4593 antequem
1130 4495 1216 4574 hor·

102 4627 289 4700 nouerant
305 4619 437 4698 vbente
455 4643 538 4697 enm
556 4621 650 4717 eibi,
680 4621 769 4720 qnia
787 4628 869 4696 eret
886 4613 1000 4716 iemi;
1029 4629 1067 4698 et
1083 4621 1152 4698 init
1168 4621 1217 4698 mi

102 4747 247 4850 Regem
275 4747 462 4824 Joennem
481 4747 521 4822 in
541 4746 745 4826 veredino.
783 4746 904 4842 Quum
933 4771 1003 4844 ego
1032 4748 1114 4846 ipse
1140 4747 1216 4826 vidi
