3248 5210
1074 491 1182 592 ,ar

102 689 275 764 onomius
292 688 361 763 toti
381 686 560 788 Capituli,
581 697 618 763 et
637 711 761 763 coram
781 688 887 786 Rege
902 689 1083 767 Ladislao
1102 715 1184 767 cum

102 839 228 912 apresso
254 816 404 912 sigillo,
435 823 472 890 et
496 818 606 913 juxta
634 815 802 911 sigillum
830 817 1051 916 capitulare.
1090 817 1185 910 Quis

29 971 31 1064 ξ
101 943 212 1039 optatis
228 945 324 1040 plns,
345 965 455 1039 quam
474 943 944 1021 testimoniumnosverum
965 945 1181 1022 habemus.“

29 1093 30 1120 u
103 1067 198 1144 Etsio
215 1093 280 1168 per
299 1070 481 1145 astuciam
508 1068 710 1147 Ladislaus
739 1071 845 1147 More
873 1075 1082 1171 permansit
1101 1097 1185 1148 cum

103 1219 192 1272 more
214 1219 281 1272 sua
306 1195 344 1270 in
365 1197 604 1294 possessione
633 1195 834 1272 Laureneii
864 1199 969 1274 ducis
998 1197 1081 1274 fiete
1112 1223 1186 1276 non

99 1323 186 1415 juste.
213 1323 371 1397 Demum
399 1323 524 1398 omnia
556 1323 747 1422 possessio
776 1321 977 1401 Laurenoii
1005 1325 1110 1402 ducis
1139 1326 1187 1402 ad

103 1471 207 1524 nanus
233 1449 441 1526 'furcarum
470 1458 637 1526 cessatos
665 1452 865 1548 contingit,
893 1453 990 1548 qnod
1010 1454 1106 1528 male
1126 1479 1187 1532 res

103 1578 222 1669 quesita
247 1579 345 1653 male
372 1579 521 1676 peribit.
563 1580 612 1653 Et
641 1580 724 1677 ipse
757 1581 862 1655 solus
890 1581 987 1656 latro
1015 1581 1121 1657 More
1149 1583 1187 1658 in

103 1705 328 1799 captiuitatem
349 1703 529 1781 deductus
548 1713 628 1779 erat
651 1729 733 1780 oum
752 1707 933 1782 thezauro
953 1707 1113 1803 infinito;
1125 1706 1182 1808 Ἣ

103 1831 320 1928 quoniamqui
332 1832 586 1926 malignantur
605 1833 962 1909 exterminabuntur.
985 1832 1189 1936 Ettem'm*)

104 1955 317 2033 interiecerat
336 1979 490 2034 vxonem
509 1979 613 2034 snam
634 1966 671 2031 et
689 1981 856 2034 sororem
875 1983 980 2035 suam
1001 1961 1189 2036 carnalem

105 2082 130 2154 in
145 2085 353 2180 virginitate
379 2108 459 2160 sua.
490 2085 630 2160 Postea
648 2086 844 2183 rescripsit
871 2085 1011 2162 Joanni
1030 2087 1189 2162 vaiuode

106 2209 138 2282 ad
160 2211 479 2308 Transiluaniam‚
518 2212 616 2308 quod
651 2235 733 2286 cum
760 2213 927 2310 practica
955 2214 1190 2290 reuocatoria

105 2339 343 2434 optinuissent,
373 2347 410 2415 et
439 2337 630 2435 Georgius
659 2338 902 2438 Sepusiensis
930 2363 1105 2416 reuersus
1134 2347 1192 2416 est

105 2464 325 2543 amineum
345 2490 427 2543 eum
446 2469 527 2544 suis
546 2465 830 2566 prouidentibus
844 2469 953 2565 juris.

360 2769 691 2875 (CAPITULUM
720 2770 905 2876 XXVII).

29 2937 31 3086 l
188 2986 306 3080 Quum
320 2991 391 3066 hee
411 2991 626 3086 intelligens
645 2989 814 3066 Joannes
842 2985 1004 3062 vaiuoda
1023 2987 1132 3062 valde
1151 2988 1191 3062 in

108 3137 136 3186 se
158 3117 276 3195 dolore
310 3127 503 3218 correptus
532 3127 569 3194 et
587 3141 711 3194 coram
740 3118 821 3194 suis
848 3117 1072 3192 consiliariis
1101 3117 1192 3192 inci-

29 3289 31 3350 p
109 3239 212 3334 plebat
246 3247 427 3342 fabulari,
468 3243 649 3342 quomodo
682 3245 875 3343 justiciam
904 3267 1009 3319 suam
1038 3244 1076 3318 in
1105 3241 1203 3326 sede,

109 3371 329 3448 exfinxerant.
364 3373 438 3470 „Et
464 3372 597 3467 Regno
627 3371 824 3468 Hungarie
853 3369 1013 3446 fideliter
1041 3369 1193 3460 serniui,

111 3503 264 3576 ttomnes
289 3509 381 3600 ‚sunt
407 3500 558 3597 ingrati.
588 3499 675 3575 Non
703 3498 774 3574 hoc
802 3497 994 3593 dicebant,
1021 3521 1095 3572 non
1123 3494 1194 3572 hoe

111 3601 330 3714 pronitebant
357 3635 523 3726 tempore
542 3627 838 3723 crucigerorum3
867 3623 934 3701 sed
953 3623 1025 3698 lide
1043 3645 1195 3700 suarum

112 3751 238 3840 polliciti
255 3763 344 3832 sunt
362 3755 463 3850 mihi,
484 3760 648 3830 attamen
658 3761 745 3830 sunt
753 3751 986 3828 instabiles.“
1010 3751 1197 3825 Dicebant

29 3867 30 3888 ¹
112 3879 290 3960 consiliarii
310 3883 387 3976 sui,
417 3905 528 3979 quum
544 3883 716 3958 viderunt
735 3889 771 3954 et
790 3879 974 3955 aurdarant
991 3877 1196 3975 querellam

113 3997 222 4082 domini
248 4031 430 4086 suorum:
455 4009 639 4104 „Domine
658 4009 712 4082 nil
741 4006 909 4102 curabis,
941 4027 1078 4079 corona
1106 4009 1198 4100 aput

115 4133 222 4228 leest,
240 4143 276 4210 et
295 4135 470 4210 noticiam
498 4135 617 4210 habes
637 4157 717 4208 oum
744 4131 961 4208 consiliario
989 4129 1197 4207 'Parcarum

115 4249 240 4336 Cesaris
259 4285 341 4336 eum
362 4261 538 4338 Imbraim
558 4264 684 4356 bassa,
705 4269 742 4334 et
761 4281 897 4335 cumeo
913 4255 1195 4350 determinabis3

115 4381 322 4463 ulauonem
339 4386 560 4463 Ladislaum
589 4386 694 4461 More
724 4389 819 4463 bene
838 4385 962 4484 possis
981 4405 1197 4482 expugnare

116 4501 151 4578 le
165 4507 354 4590 hereditate
373 4513 732 4620 Laurenoiiducis.“

119 4697 400 4722 Ἢ*

146 4781 164 4840 'l
180 4781 234 4838 tlte
251 4785 302 4842 hez
323 4785 461 4854 „Posthec
482 4784 591 4839 Ladisl.
613 4783 717 4840 More.⁴‘

161 4885 240 4934 lom.
253 4893 324 4934 nune.
338 4893 354 4932 ι.
963 4851 989 4934 6
