3238 5228
406 457 499 536 820‘

394 647 536 750 ”batum
566 653 664 750 quod
690 653 749 730 vir
776 675 866 730 suus
893 651 1159 728 deliberabitur
1188 649 1453 746 allemanie,
1488 655 1535 720 et

408 785 488 881 ipse
505 803 691 882 pauperes
709 779 953 874 confidebant,
974 785 1015 852 vt
1032 776 1330 855 absoluerentur.

516 909 590 986 Per
608 907 679 982 hec
697 906 791 1005 qnod
814 906 917 980 venit
943 903 1022 980 dies
1041 913 1079 979 et
1096 903 1211 1001 hore,
1239 905 1366 982 statim
1386 925 1532 980 vocare

410 1036 577 1111 iecerunt
595 1033 828 1130 capellanum
846 1054 997 1108 suornm
1017 1053 1149 1107 nomen
1169 1030 1325 1130 Zattyor
1343 1030 1468 1129 paph,
1492 1039 1535 1104 et

416 1163 455 1236 in
482 1183 619 1238 aurora
648 1160 808 1236 confessi
837 1158 984 1234 inerant
1012 1158 1113 1233 circa
1140 1158 1260 1254 ipsum
1288 1157 1535 1254 capellanum

414 1311 551 1364 eorum.
581 1287 631 1361 Et
648 1287 729 1384 ipse
760 1284 915 1384 Zattyor
942 1283 1041 1382 paph
1068 1283 1163 1359 bene
1190 1283 1374 1360 babuerat
1392 1283 1536 1358 anulos

413 1436 547 1492 aureos
574 1412 753 1506 sedecim,
785 1421 824 1487 et
849 1413 1038 1488 amborum
1068 1412 1294 1487 vestimenta
1320 1433 1409 1487 suas
1437 1411 1533 1486 sub-

415 1541 544 1617 ductas
562 1538 758 1617 sabellinis
785 1538 881 1613 duas
899 1538 933 1610 ei
952 1537 1206 1634 relinquerant
1223 1539 1421 1636 capellano
1440 1559 1534 1636 pre·

414 1669 524 1744 dicto.
554 1667 605 1741 Et
623 1667 775 1741 annelos
802 1664 962 1740 sedecim
991 1663 1104 1740 variis
1130 1663 1317 1762 lapidibus
1343 1664 1536 1762 preciosis

415 1793 553 1871 circum
579 1793 789 1889 mancipate
817 1798 942 1884 eraut,
971 1791 1025 1865 ita
1050 1791 1148 1888 quod
1172 1791 1395 1867 Benedictus
1423 1791 1536 1866 Bona

421 1927 565 1997 centum
584 1919 744 1998 florenos
762 1919 872 1998 dabat
890 1943 957 2019 pro
977 1921 1022 2016 ei,
1043 1925 1080 1994 et
1098 1942 1172 1997 non
1189 1921 1310 1996 voluit
1326 1941 1450 2018 neque
1469 1922 1537 1996 de-

419 2055 644 2143 monstrare,
675 2049 740 2126 sed
767 2055 972 2143 negauerat
991 2069 1074 2121 oum
1101 2049 1240 2124 astucia
1269 2071 1358 2140 suu3
1387 2049 1535 2144 quiesi

418 2177 458 2251 in
485 2175 655 2251 manibus
682 2175 865 2274 potuisset
893 2175 1168 2272 eprehendere,
1198 2197 1385 2271 nunquam
1414 2198 1535 2251 vnum

420 2302 569 2378 obulum
597 2301 819 2378 obtinuisset
847 2303 894 2376 ab
921 2323 977 2376 eo.
1008 2301 1058 2374 Et
1085 2300 1130 2375 de
1159 2323 1233 2376 vne
1261 2303 1388 2378 vetula
1415 2301 1536 2378 relin-

422 2437 552 2526 querat
579 2429 664 2528 plus
694 2450 802 2525 qnam
822 2428 1020 2524 sexaginta
1047 2426 1228 2524 florenos,
1260 2437 1296 2506 et
1323 2430 1405 2527 ipse
1433 2431 1538 2506 clam

421 2555 630 2653 suscipiens
663 2578 746 2631 sese
784 2561 997 2631 cucurrerat
1024 2555 1072 2629 ed
1099 2555 1313 2654 plebaniam
1340 2555 1389 2630 ad
1417 2553 1537 2632 Chalr

420 2682 516 2758 inter
544 2682 794 2758 Themesken.
825 2679 923 2773 Quia
960 2683 1180 2781 capellanus
1207 2683 1360 2758 timebat
1383 2681 1536 2759 demum

423 2812 470 2910 ab
489 2832 710 2906 moresne,
730 2818 771 2883 vt
788 2810 836 2884 ud
854 2810 1016 2886 loturum
1036 2811 1083 2886 ab
1103 2833 1146 2887 eo
1165 2810 1202 2883 vi
1222 2817 1474 2906 extorqueret.

530 2937 580 3011 Et
602 2939 682 3034 jam
709 2939 817 3013 ambo
855 2945 961 3014 extra
998 2939 1097 3012 ducti
1124 2939 1272 3014 fuerant
1299 2943 1384 3012 ante
1414 2946 1538 3014 ortum

424 3063 517 3142 solis
525 3063 565 3139 in
573 3063 632 3138 die
643 3065 752 3164 primi
771 3065 881 3140 Pauli
900 3065 1089 3162 heremite,
1108 3063 1409 3165 capitetruuknti
1428 3071 1541 3142 erant

425 3192 466 3266 in
492 3212 578 3266 aree
612 3191 712 3266 intus
743 3194 852 3286 juxte
884 3191 1024 3266 fontem
1053 3197 1308 3267 claternalrot.
1346 3189 1540 3290 Imprimis

427 3318 555 3394 Blasio
573 3341 748 3414 germano
766 3341 833 3394 sno
854 3325 1112 3418 amputauerat
1140 3325 1252 3418 caput
1278 3319 1400 3416 ipsius
1417 3323 1539 3394 tortor

428 3445 623 3523 Budcnsis.
653 3445 774 3538 Quum
789 3451 867 3545 jam
886 3447 1058 3524 intuisset
1088 3455 1198 3550 caput
1215 3469 1339 3524 rasum
1358 3467 1540 3542 germano

428 3594 515 3668 sno,
546 3571 674 3648 dixit:
709 3573 831 3668 „Vere
860 3595 1059 3668 germanus
1087 3595 1191 3648 meus
1224 3595 1298 3648 non
1326 3571 1461 3649 habuit
1489 3579 1541 3646 tot

429 3700 577 3798 culpam
595 3700 691 3776 sicut
708 3723 799 3796 ego;
820 3699 886 3776 sed
904 3707 1056 3799 propter
1083 3699 1231 3800 culpam
1260 3721 1378 3775 meum
1397 3701 1543 3798 petitur

428 3825 616 3901 mortem.“
640 3823 691 3900 Et
708 3833 841 3924 postea
859 3826 944 3924 ipse
963 3825 1076 3902 etiem
1094 3825 1203 3903 flexis
1221 3825 1381 3923 genibus
1399 3826 1542 3902 clama·

358 4005 363 4012 ·
429 3951 485 4026 nit
501 3951 528 4030 J
530 3973 633 4027 esum
650 3951 769 4028 tribus
788 3949 843 4050 iil
863 3952 1027 4047 vicibus,
1049 3959 1087 4028 et
1105 3953 1187 4051 ipse
1205 3975 1290 4028 mox
1309 3953 1482 4028 exalsuit
1501 3952 1544 4028 de

430 4077 577 4154 mundo.
597 4078 646 4152 Et
662 4084 793 4177 postea
821 4087 1064 4177 portauerant
1088 4079 1180 4156 duos
1208 4081 1372 4172 loculos,
1402 4085 1442 4154 et
1461 4103 1542 4156 cor-

430 4228 523 4304 pora
551 4227 676 4281 eorum
702 4203 953 4283 immisserunt
971 4205 1010 4280 in
1029 4207 1224 4302 grobatum
1253 4227 1336 4281 curu
1355 4206 1545 4305 capitibus

431 4334 520 4410 suis.
549 4333 599 4408 Et
624 4339 732 4411 extra
758 4340 1000 4433 portauerant
1018 4333 1058 4410 in
1076 4335 1264 4426 ciuitatem
1287 4335 1398 4432 juxta
1421 4333 1543 4410 sacel-

431 4461 507 4538 lum
534 4461 623 4538 Diui
652 4457 809 4558 Georgii
837 4461 1024 4556 martiris,
1045 4469 1083 4537 et
1098 4469 1176 4564 tota
1194 4461 1254 4538 die
1273 4461 1326 4538 ibi
1340 4461 1546 4558 jacuerunt

432 4589 501 4664 sub
519 4589 627 4684 nigro
645 4588 860 4664 linteamine
870 4585 916 4662 ad
934 4585 1140 4663 mirandum
1160 4587 1394 4686 populorum,
1414 4593 1548 4686 etpost
