3238 5228
400 517 480 613 234'

507 732 593 808 dam
613 732 711 829 quod
737 731 872 808 inisset
900 732 1040 806 ancilla
1068 733 1224 808 exclusa
1248 731 1524 830 perReginam

400 856 516 955 Regis
535 857 760 954 Sigismundi
781 855 1001 934 Alemanica
1029 859 1221 934 amborum
1240 865 1277 933 et
1296 855 1414 958 (e)coe
1435 883 1523 960 pra·

401 986 500 1062 ctice
518 985 734 1062 asmoionis.

510 1109 756 1212 Accipiebant
783 1133 849 1188 seu
878 1112 1118 1211 reperiebant
1144 1111 1387 1191 donacionem
1416 1135 1525 1190 suam

402 1238 570 1334 sigillam
608 1237 827 1336 epistolam,
857 1245 894 1313 et
921 1237 1251 1316 introuooauerant
1278 1263 1390 1316 vnum
1421 1243 1524 1316 auri·

402 1365 548 1440 labrum
569 1363 616 1439 ad
635 1385 770 1438 arcem.
801 1363 852 1437 Et
870 1364 951 1438 auri
970 1363 1078 1439 labro
1097 1360 1152 1464 ⁶⁹1
1177 1365 1358 1443 dederunt
1376 1365 1427 1441 ad
1448 1389 1525 1442 ma·

401 1511 470 1566 nus
490 1492 571 1588 ejus
590 1489 798 1586 sigillatam
818 1489 1016 1588 epistolam
1044 1489 1071 1567 J
1073 1492 1206 1568 oannis
1226 1491 1344 1590 Regis
1363 1499 1401 1568 et
1421 1491 1525 1567 dixe·

402 1623 490 1693 runt
508 1616 555 1708 ei,
576 1615 762 1692 utstatim
780 1623 896 1714 ponat
905 1615 954 1690 ad
972 1616 1167 1693 circnllum
1188 1624 1226 1692 et
1243 1620 1369 1694 statim
1380 1621 1526 1696 excull·

402 1749 531 1843 patnm
559 1749 660 1820 esset
686 1765 764 1819 seu
792 1741 952 1839 cideret‚
992 1743 1236 1820 mandauerat
1251 1744 1413 1842 ‘Regina
1444 1768 1526 1822 cum

404 1869 586 1968 palatino.
616 1870 667 1944 Et
694 1869 760 1944 ille
788 1870 1005 1947 aurifaber
1033 1871 1186 1968 capiens
1214 1872 1253 1946 in
1281 1894 1413 1948 manue
1436 1895 1526 1950 suas

404 1995 562 2092 figuram
592 1995 714 2092 sigilis
742 1995 828 2072 cisit
855 2016 924 2093 per
953 2001 1101 2072 stonum
1121 2003 1186 2071 aut
1204 2020 1272 2096 per
1290 1997 1462 2094 Jowem,
1492 2007 1528 2074 et

402 2125 477 2199 sub
496 2122 626 2219 sigillo
640 2125 719 2220 jam
738 2145 1007 2222 pergamenum
1031 2121 1221 2200 dedissent
1239 2123 1287 2198 ad
1305 2146 1441 2202 manus
1462 2151 1524 2202 no·

402 2249 500 2328 tario
537 2247 694 2346 Regina.
729 2250 781 2324 Et
817 2249 968 2348 scripsit
1005 2247 1075 2324 hec
1103 2249 1150 2324 ad
1177 2257 1326 2345 gentem
1359 2251 1526 2329 Saxonie

404 2377 536 2472 Ducis,
547 2383 588 2450 vt
606 2399 653 2450 ne
673 2375 828 2472 veniret,
849 2375 968 2452 donec
985 2375 1013 2454 J
1014 2399 1155 2452 oannes
1174 2373 1256 2452 Rex
1275 2379 1475 2455 nunciaret
1492 2387 1527 2453 et

402 2503 627 2602 preciperet.
659 2503 708 2576 Et
726 2502 799 2578 cito
819 2501 865 2578 de
884 2525 957 2578 vno
976 2503 1162 2579 veridario
1181 2502 1361 2579 dederunt
1378 2505 1428 2579 ad
1451 2529 1525 2580 me-

404 2652 474 2710 nue
498 2627 661 2706 litteram
690 2629 819 2726 sigillo
847 2630 1092 2728 pendentem,
1120 2629 1184 2726 qui
1212 2629 1329 2705 eciam
1355 2629 1524 2728 linguam

407 2756 665 2854 Hungarieam
684 2757 838 2852 sciebat,
851 2763 888 2831 et
906 2757 962 2833 sic
980 2757 1096 2832 currit
1105 2777 1186 2831 cum
1202 2763 1391 2856 resumpto
1402 2759 1525 2834 animo

406 2893 444 2960 et
462 2885 598 2960 allauit
616 2883 664 2960 ad
683 2882 825 2960 manus
842 2883 1052 2960 veridarius
1080 2883 1130 2958 ad
1157 2883 1299 2959 Ducem
1325 2885 1524 2985 epistolam

404 3010 612 3112 predictam
649 3010 839 3109 scriptam.
877 3009 927 3084 Et
954 3010 1009 3086 sie
1042 3011 1289 3106 neglexerunt
1318 3011 1451 3088 venire
1480 3011 1526 3086 ad

406 3135 588 3213 auxilium
617 3135 737 3234 Regio
766 3134 978 3234 Majestatis
1005 3135 1178 3213 Joannis.
1207 3135 1286 3234 Ipsi
1317 3137 1522 3213 nebolones

405 3263 621 3340 nesciebant
638 3261 769 3356 linem
799 3261 889 3359 quid
907 3261 1066 3338 eweniet
1093 3261 1250 3338 demum.
1281 3262 1332 3338 Et
1350 3263 1406 3338 sic
1426 3263 1523 3340 velle

404 3389 506 3466 nolle
525 3387 692 3466 'Puteum
712 3387 972 3488 apreciauerat
990 3385 1073 3464 Rex
1092 3387 1272 3466 Jcannes.

695 3671 1029 3776 (cnrrnunuu
1056 3671 1236 3775 nxvn).

514 3893 563 3968 Et
577 3893 656 3990 jam
676 3890 721 3966 de
745 3890 865 3968 Striso
894 3890 1045 3990 opidulo
1073 3891 1242 3966 venimus
1260 3893 1329 3967 sub
1349 3892 1461 3989 alape
1480 3889 1525 3965 ad

407 4017 565 4098 Orasna.
594 4017 677 4094 Rex
705 4018 825 4094 noluit
841 4017 897 4094 irc
915 4024 1068 4117 propter
1106 4017 1203 4114 qnod
1231 4015 1412 4095 Germani
1441 4023 1525 4092 sunt

408 4135 447 4222 in
474 4147 542 4222 illa
580 4145 749 4220 ciuitate.
788 4142 963 4220 Attamen
995 4144 1155 4242 joconde
1184 4147 1404 4244 spectabant
1442 4165 1522 4218 eum

407 4281 563 4372 propter
583 4271 813 4354 commodum
833 4293 980 4366 eorum,
1010 4271 1185 4369 quiajam
1204 4272 1408 4362 tremebat,
1428 4267 1524 4366 quod

408 4399 446 4476 in
465 4399 586 4475 Pinno
605 4397 817 4496 hospicium
838 4419 945 4472 suum
963 4395 1215 4472 incenderant.
1245 4395 1322 4472 Sub
1341 4395 1454 4494 alape
1474 4393 1523 4468 ibi

407 4523 649 4626 pernoctanit
667 4521 748 4600 Rex
772 4525 882 4623 juxta
909 4545 1020 4599 vnum
1035 4503 1225 4621 opidnlum
1243 4522 1338 4597 etin
1356 4521 1416 4596 die
1436 4543 1519 4620 pro·

408 4653 503 4729 testo
533 4651 641 4728 Beati
671 4651 839 4727 Demetri
867 4649 1043 4728 martiris.
1073 4647 1185 4724 Mane
1204 4669 1353 4746 surgen.
1374 4653 1411 4723 et
1429 4648 1521 4724 citra

410 4801 567 4876 agapem
589 4777 761 4854 venimus
779 4775 917 4854 dificile
935 4783 1068 4875 postea
1087 4775 1136 4850 ad
1154 4795 1265 4850 unam
1284 4774 1412 4850 villam
1432 4797 1516 4872 pos-
