3248 5210
373 455 425 536 64

372 658 481 734 ianoe
498 653 631 731 leonis.
684 649 808 751 ,Quia
834 673 962 730 sumus
989 652 1030 730 in
1048 676 1186 751 magns
1204 653 1486 754 desperacione,

372 783 472 883 qnod
488 783 571 860 dira
589 787 707 862 morte
726 781 943 859 morimur.“
975 781 1027 858 Et
1044 790 1131 882 post
1148 783 1342 860 decessum
1364 787 1412 860 ud
1428 791 1492 882 {e-

372 923 488 988 lutum
513 922 671 988 oestrum
697 911 915 987 ladodiciae·
934 919 969 984 et
985 913 1040 1004 fib·
1056 917 1114 984 nco·
1132 911 1306 986 dodonico·
1324 921 1362 986 tc
1380 913 1487 986 uols-

371 1065 447 1115 moe
467 1030 679 1137 aaronem)
699 1042 737 1111 et
754 1035 937 1134 epistolas
956 1034 1230 1134 manuscriptus
1258 1035 1422 1112 destinet
1439 1031 1491 1107 ad

371 1164 399 1243 J
400 1185 557 1242 oannem
576 1161 774 1239 vaiuodom
792 1162 1179 1240 Transiluenieusem.
1200 1159 1368 1259 Cumque
1386 1161 1491 1236 elate

372 1293 495 1369 forent
522 1291 632 1368 litere
659 1288 708 1364 cd
734 1311 866 1366 munus
885 1289 1078 1386 Vaiuode,
1116 1296 1153 1366 et
1180 1288 1408 1388 perlegisset
1441 1308 1490 1361 ec

371 1419 641 1514 intellexisset,
674 1417 837 1494 clamere
864 1417 954 1494 fecit
980 1417 1116 1496 iterum
1133 1418 1287 1495 bellum.
1335 1415 1489 1490 Etcum

370 1547 528 1624 heberet
545 1543 837 1639 multitudinem,
867 1546 984 1623 mouit
1010 1567 1051 1622 se
1079 1565 1162 1620 oum
1181 1545 1265 1620 acie
1282 1565 1352 1620 suc
1369 1548 1408 1618 et
1424 1563 1488 1616 ur-

370 1675 535 1771 migeros
562 1680 600 1748 et
625 1671 838 1750 buzurones
865 1673 1116 1750 ordineucrut.
1172 1670 1248 1748 Hic
1270 1673 1350 1768 jum
1367 1667 1491 1745 tercio

369 1800 528 1904 perfidie
546 1799 701 1895 crescit,
726 1801 824 1875 bene
841 1799 1031 1899 percipies
1049 1799 1090 1876 in
1108 1805 1230 1874 mente
1248 1799 1378 1874 lector.
1424 1793 1489 1869 Ad

370 1927 480 2006 fidem
498 1950 605 2006 susm
623 1927 778 2026 scripsit
795 1927 994 2026 epistolam
1014 1925 1184 2024 Georgio
1195 1923 1272 2028 **),
1294 1924 1391 2022 quod
1408 1945 1487 1999 non

369 2054 648 2155 promedituret,
672 2109 689 2150 ,
719 2053 784 2129 uia
801 2059 839 2128 et
857 2075 928 2151 ego
947 2067 1060 2132 tecum
1079 2049 1254 2155 cotom),
1284 2059 1322 2128 et
1339 2051 1379 2128 in
1395 2048 1487 2125 lits·

370 2183 436 2278 ris,
456 2181 582 2257 dutum
600 2179 815 2258 scribebant
832 2179 881 2256 sd
899 2179 1123 2258 sedecimum
1141 2179 1250 2258 diem.
1278 2177 1347 2255 Ait
1363 2174 1488 2254 Geor-

369 2311 456 2408 gius
475 2308 625 2386 Siculus
652 2307 866 2386 cruciferis:
899 2309 1023 2404 ,Ecce
1051 2308 1221 2386 dominus
1240 2304 1401 2383 vciuode
1418 2325 1487 2379 ve·

368 2437 449 2512 niet
467 2434 514 2511 ed
542 2441 708 2512 nostrum
732 2435 1028 2533 promocionem,
1058 2457 1144 2512 ecoe
1172 2435 1336 2511 litterum
1362 2431 1487 2531 ipsius

369 2565 438 2641 sub
456 2561 528 2638 fide
547 2585 616 2640 sus
635 2561 787 2660 scriptu,
807 2562 863 2638 nil
880 2562 1088 2640 timemus.“
1117 2559 1317 2657 Orucigeri
1334 2559 1487 2657 quidem

369 2685 671 2791 dicebunt”**):
704 2688 930 2788 ,Magnifice
967 2689 1136 2786 domine,
1173 2687 1419 2766 nihilominus
1446 2687 1485 2762 ei

369 2799 575 2912 credemus,
600 2817 690 2916 quis
708 2821 904 2894 clooders'o
922 2816 1018 2912 est“,
1046 2811 1132 2919 mlv·
1152 2815 1224 2892 hou
1242 2803 1305 2893 cst‘
1321 2813 1486 2914 ,effemi-

367 2952 478 3022 nctus
504 2943 615 3020 homo
643 2943 735 3020 cst.“
784 2941 884 3020 Ante
910 2943 1073 3020 sedecim
1092 2943 1223 3020 diebus
1248 2943 1297 3020 nd
1315 2941 1486 3040 quintum

368 3073 467 3148 diem
485 3071 531 3146 dc
541 3069 814 3147 Trensiluenie
831 3070 879 3145 ed
898 3069 1115 3148 Temeswur
1133 3076 1288 3149 steterat
1305 3091 1387 3146 cum
1405 3073 1484 3144 tur-

368 3222 430 3276 mo
448 3219 530 3276 sna.
558 3195 649 3272 Mox
667 3195 901 3293 proolsmure
918 3194 1078 3298 fecit†*)
1097 3195 1146 3272 ed
1163 3197 1342 3296 populum
1361 3194 1481 3273 oruci-

368 3347 552 3423 gerorum,
581 3322 645 3419 qui
663 3328 771 3398 erent
788 3323 911 3398 coloni
929 3345 1117 3421 pauperes
1133 3331 1299 3422 perpessi
1319 3351 1366 3400 eae
1384 3328 1481 3398 lente

368 3455 514 3555 quilibet
532 3445 692 3552 tom†**)
710 3447 759 3524 ad
776 3447 922 3524 domum
941 3449 1159 3527 intendebat
1177 3446 1226 3523 ud
1235 3447 1377 3524 liberos
1392 3467 1481 3523 suos

368 3661 685 3682 W

457 3755 492 3824 *J
523 3753 605 3811 Econ
640 3749 781 3810 sruusket
817 3749 962 3808 kitdrdlve
997 3746 1119 3808 kdsdbbi
1158 3747 1214 3807 kdz
1251 3747 1333 3824 lrje:
1377 3749 1483 3824 „Regio

368 3846 528 3905 Ludirlei.“

441 3937 491 4004 st)
512 3931 643 3992 Kde'dbbi
660 3929 716 3988 Κέω
736 3930 798 3996 ,dc
820 3931 992 3990 Weiuodu.“

421 4027 495 4094 m)
515 4021 577 4080 nt·
596 4020 651 4080 toz
669 4021 740 4079 dltol
753 4020 867 4094 jevltvu
887 4028 997 4091 ,tecum
1015 4023 1090 4078 ero!

403 4117 495 4184 Μ)
514 4113 578 4172 lits
605 4111 660 4170 kdn
677 4109 748 4168 dltel
775 4109 924 4168 esudldn:
948 4111 1033 4182 ,Cum
1060 4115 1121 4185 Jsm
1140 4113 1329 4172 adverterent
1346 4113 1420 4172 leuis
1437 4133 1482 4173 sr-

367 4211 478 4264 meture
505 4206 635 4278 equites,
666 4202 800 4260 dicebant
827 4221 890 4260 esso
908 4203 1038 4272 Siculos,
1069 4205 1118 4276 qui
1146 4203 1301 4262 veniebunt
1328 4206 1359 4262 in
1386 4223 1482 4262 eorum

367 4297 506 4354 suxilium
533 4294 647 4370 qutndo
674 4299 740 4366 post
769 4293 862 4364 vidit,
895 4293 977 4361 dico,
1008 4294 1070 4368 ipse
1098 4291 1239 4370 Georgius
1269 4294 1358 4351 Zekol
1388 4295 1481 4353 dixit:

369 4389 424 4446 Est
441 4387 557 4446 Getullu
575 4385 738 4454 Wsiuodsq
758 4383 812 4440 hoc
830 4391 893 4441 ost:

421 4477 472 4544 ψ’)
492 4475 556 4532 Mt·
574 4473 630 4532 ko·
647 4471 738 4531 houd
755 4473 840 4546 adju:
864 4471 1036 4540 „velmede”

403 4567 474 4636 μ’)
493 4565 557 4623 lldo
576 4565 631 4622 lde
649 4564 721 4622 dul
739 4565 893 4634 kitbrdlve,
913 4563 944 4622 ds
963 4565 1099 4640 helpede,
1121 4571 1168 4635 ,et
1186 4583 1220 4624 eo
1239 4568 1341 4639 euecti,
1353 4567 1480 4626 vellent·

368 4671 425 4732 quo
441 4661 538 4732 portes
556 4657 646 4729 Regio
664 4655 774 4724 tucri;“
805 4653 990 4712 osszdlen:
1019 4656 1112 4729 „quod
1139 4659 1189 4729 qui
1207 4657 1331 4731 quilibet
1353 4673 1481 4716 seorsum

368 4751 454 4818 met,
472 4745 517 4804 illi
534 4761 603 4804 uero
620 4745 660 4805 ud
679 4743 820 4802 domum⁸⁴
