3226 5220
41 608 43 668 i

1173 479 1252 561 213

40 673 42 724 i
147 681 310 780 Pestieuy
331 707 340 754 :
365 678 476 776 ,Jam
495 679 613 756 audeo
631 679 740 758 vobis
769 679 894 757 disere
913 679 958 756 de
978 689 1138 780 quatuor
1158 682 1248 759 arti-

143 808 256 902 oulus,
285 807 381 882 boue
400 806 558 903 quilibet
584 829 632 884 ex
658 806 768 884 vobis
793 807 955 884 aseultat
982 809 1119 886 verbis.
1157 807 1249 884 Dixi

140 933 228 1030 quod
245 932 290 1008 de
313 938 473 1029 quatuor
501 932 672 1009 articulis
700 954 854 1030 possum
882 933 979 1010 seire
1007 933 1097 1010 dare
1125 933 1246 1011 vobis.

140 1060 254 1136 Primo
281 1058 380 1156 quod
407 1082 530 1135 uouue
557 1059 597 1134 in
624 1058 779 1134 exilium
806 1057 897 1134 feeit
915 1059 1068 1136 moiisse
1086 1059 1159 1136 iste
1178 1060 1246 1136 hu·

140 1210 212 1282 aar,
231 1186 294 1283 qui
311 1192 469 1262 venerat
487 1185 532 1260 de
551 1185 726 1284 partibus
744 1183 973 1261 Ferdinandi
992 1191 1031 1259 et
1048 1185 1093 1260 de
1111 1185 1247 1264 thabor

140 1313 319 1408 Kooeian,
349 1321 387 1388 et
404 1314 652 1411 perlustrauit
670 1313 724 1389 ibi
744 1311 899 1408 Regem.
927 1309 1118 1410 Secundo,
1147 1311 1247 1414 quod

138 1462 200 1536 ego
216 1439 265 1516 ad
283 1439 493 1538 hospicium
512 1438 653 1514 domini
677 1436 815 1539 Oybak
835 1460 1087 1534 accesseram,
1115 1441 1245 1538 etjam

136 1573 212 1666 post
229 1589 360 1643 uenam
379 1566 518 1642 domini
537 1563 862 1666 EmerioiOybak,
883 1567 1069 1642 uouebant
1086 1565 1242 1642 familia.

136 1693 179 1768 Et
195 1717 266 1791 ego
284 1689 476 1769 in'vmbra
495 1694 703 1792 orepiseulo
719 1691 997 1788 subaudiebam,
1017 1699 1056 1767 et
1073 1693 1246 1769 dicebaut

134 1843 203 1897 sea·
220 1821 496 1920 parabolabaut
513 1819 612 1896 iuter
631 1842 693 1896 se:
711 1818 738 1896 J
739 1842 800 1894 aru
819 1841 948 1896 omnes
966 1817 1140 1916 Huugari
1158 1829 1244 1896 suut

130 1949 228 2044 juxta
251 1947 439 2025 domiuum
468 1953 635 2023 nostrum
664 1944 822 2046 Oybak,
852 1945 918 2023 sed
935 1945 1007 2020 iste
1024 1947 1147 2022 bestia
1166 1945 1242 2022 Ra·

134 2075 211 2152 dioh
237 2098 319 2152 eum
347 2073 549 2150 Traoiauis
577 2097 651 2150 uon
678 2074 745 2148 wlt
769 2096 793 2148 a
821 2071 928 2168 Rege
954 2071 1103 2149 Joauue
1127 2073 1242 2149 deeli-

134 2226 235 2299 nure,
264 2202 414 2301 quodsi
434 2202 516 2300 ipse
536 2201 683 2277 Radioh
702 2201 838 2298 vellet,
868 2223 1064 2298 possemus
1081 2201 1241 2278 bestiam

134 2331 266 2430 Regem
293 2331 479 2410 Joannem
515 2329 694 2428 perdere,
733 2330 822 2429 quia
853 2332 932 2429 jam
959 2331 1099 2427 gietam
1127 2329 1243 2408 babet

134 2455 259 2560 Oybak
288 2459 390 2560 apud
417 2458 715 2554 Ferdiuaudum,
745 2466 783 2534 et
810 2459 892 2557 ipse
920 2458 993 2534 diu
1012 2457 1186 2535 seductus
1204 2465 1243 2533 et

134 2595 273 2686 surptus
300 2611 369 2687 per
397 2587 548 2664 diuersa
576 2609 752 2682 munera,
773 2593 811 2661 et
828 2609 897 2685 per
914 2587 1052 2662 multas
1079 2585 1239 2684 promis-

132 2712 257 2792 sioues.
293 2715 469 2792 'Porcium
492 2716 572 2812 jam
601 2713 804 2790 nouissime
831 2712 968 2789 videtis
994 2717 1082 2810 post
1108 2733 1238 2789 aenam

133 2843 301 2918 ambatim
329 2841 410 2918 siue
428 2841 585 2919 binatim
612 2841 779 2918 fabular.
808 2845 846 2914 et
872 2839 1084 2938 eouspiran.
1104 2861 1238 2918 susuro

131 2975 285 3065 secreto,
305 2967 370 3044 vbi
388 2973 582 3066 quattuor,
602 2967 667 3044 vbi
686 2989 753 3044 sex
772 2966 883 3042 etsie
901 2965 946 3040 de
965 2964 1145 3062 siugulis,
1165 2987 1238 3066 que

130 3113 196 3168 uon
212 3096 374 3195 pertinet
401 3094 450 3170 ad
475 3094 677 3171 humanam
701 3093 939 3194 probitatem.
968 3089 1111 3186 Quarto
1138 3093 1237 3192 quod

130 3217 393 3298 Cassouieuses
420 3220 531 3296 valde
557 3221 654 3298 bene
682 3221 897 3318 intelligunt
915 3243 956 3297 se
974 3221 1080 3320 ipsos
1106 3227 1237 3298 ooutra

130 3345 262 3444 Regem
280 3348 308 3428 J
310 3371 492 3444 oannem,
520 3347 703 3446 quomodo
722 3347 845 3447 ipsum
864 3348 1100 3425 delusseruut
1117 3347 1236 3424 variis

129 3473 272 3572 modiis3
291 3475 442 3551 nomine
461 3497 544 3551 oum
561 3474 743 3552 thezauro
762 3475 790 3554 J
791 3475 924 3553 oannis
942 3475 1061 3572 Regis
1078 3481 1236 3574 possunt

128 3598 320 3678 aduertam
338 3599 365 3678 J
367 3623 524 3676 oannem
544 3599 718 3676 Koooiau
738 3607 775 3676 et
793 3599 1018 3698 Huugarus,
1048 3601 1137 3698 quia
1154 3601 1233 3679 Va·

125 3727 278 3806 leutiuus
297 3727 456 3804 Therek
474 3733 533 3804 est
551 3749 635 3802 oum
654 3727 847 3825 Koeiauo,
876 3735 914 3804 et
927 3729 1070 3806 Paulus
1089 3727 1235 3830 Rukytt

125 3859 159 3928 et
176 3854 227 3930 sie
243 3853 289 3930 de
308 3853 490 3951 singulis3
518 3877 613 3952 gens
639 3855 746 3932 Prini
765 3855 890 3952 Petri,
919 3879 1013 3953 gens
1040 3856 1153 3934 Pauli
1171 3881 1231 3936 er·

124 3979 344 4084 rhiepisoopi
363 3981 670 4080 Strigoniemis.“

220 4111 360 4187 Postea
369 4131 452 4186 oum
463 4109 631 4187 audisset
647 4133 897 4212 approperau.
909 4107 1091 4191 Germani
1102 4118 1232 4192 eontra

122 4259 219 4334 eum,
245 4261 322 4316 nou
350 4235 477 4314 debuit
505 4233 727 4314 Oassouiam
745 4239 933 4335 obsidere,
963 4239 1031 4317 sed
1048 4239 1096 4317 ad
1115 4238 1248 4320 Seius.

123 4363 399 4464 properauimus
418 4361 467 4438 ad
485 4361 690 4462 opidulum.
710 4365 762 4441 Et
779 4365 832 4443 ibi
852 4365 1021 4465 disperse
1039 4372 1147 4444 eraut
1164 4391 1227 4444 oa-

120 4497 198 4569 stra
219 4490 358 4570 metati.
395 4487 495 4565 Dum
524 4511 594 4587 ego
622 4489 720 4588 vidi,
759 4491 837 4570 dixi
872 4493 1073 4570 Benedieto
1102 4493 1226 4570 Boua:

124 4617 227 4714 ,Nou
241 4621 338 4697 bene
355 4615 556 4694 oollooeuit
573 4639 614 4693 se
632 4615 736 4716 Rex,
763 4645 839 4698 uou
857 4622 912 4700 sio
930 4625 1147 4720 oportuerat
1164 4641 1225 4696 os-

121 4751 249 4828 storem
266 4771 375 4827 suum
393 4740 579 4838 ordinere,
599 4767 689 4820 vere
705 4772 780 4826 nou
799 4749 952 4848 diligo.“
975 4747 1035 4824 Ibi
1054 4767 1225 4846 perman·
