3294 5208
413 455 437 531 6

415 653 604 728 Michaele
633 649 760 745 Zilagi
788 672 937 748 semper
964 649 1185 726 disturbium
1213 650 1403 728 habebant
1431 651 1530 726 invi·

416 802 507 854 cem.

521 901 621 994 Quia
648 903 830 976 sensisset
858 899 1024 976 Michael
1049 901 1175 996 Zilagi
1195 925 1278 979 esse
1305 904 1534 980 residentem

410 1033 489 1128 jam
516 1031 726 1127 palatinum
745 1028 869 1124 Rode,
894 1029 1046 1104 tremuit
1074 1029 1195 1104 valde.
1216 1030 1326 1104 Dixit
1352 1053 1534 1126 germano

414 1155 616 1232 Ladislao:
655 1156 878 1250 „Palatinus
905 1154 1076 1230 residens
1103 1156 1180 1230 iam
1208 1154 1313 1231 Bude
1339 1155 1458 1231 timeo
1477 1163 1529 1249 te,

413 1286 502 1380 quia
520 1284 632 1359 valde
651 1289 708 1357 est
726 1287 856 1356 contra
874 1304 961 1376 nos3
981 1281 1066 1356 ideo
1086 1284 1223 1358 bouum
1243 1288 1302 1358 est
1320 1281 1535 1358 interficere

414 1409 569 1506 Regem,
591 1407 678 1503 quia
706 1407 896 1504 palatinus
915 1407 1066 1502 iudicat,
1086 1429 1161 1484 non
1186 1407 1309 1483 Rex.“
1331 1406 1440 1498 Quod
1458 1407 1533 1483 hoc

414 1536 596 1612 sensisset
605 1535 644 1609 iu
663 1534 840 1631 oppidulo
851 1533 1101 1630 Keohkemet,
1120 1533 1395 1610 fecitterciario
1406 1557 1528 1608 ewoa-

413 1663 561 1738 ristiam
579 1662 624 1736 de
654 1661 816 1736 ecelesia
843 1665 952 1735 extra
982 1667 1157 1757 portare,
1178 1682 1324 1736 rursum
1338 1663 1532 1757 juramen-

412 1795 502 1883 tum,
522 1787 620 1884 quod
639 1785 684 1862 de
702 1793 820 1862 morte
838 1787 968 1862 fratris
987 1787 1047 1862 sui
1064 1788 1246 1862 inmemor
1264 1787 1372 1861 foret.
1393 1785 1532 1861 Ladis-

413 1915 498 1990 laus
517 1913 685 2009 credidit,
715 1911 882 1988 Michael
909 1913 1036 2008 Zilagi
1054 1936 1149 2008 uon,
1188 1913 1277 2008 quia
1295 1912 1408 1988 valde
1425 1919 1530 1988 astu-

413 2043 475 2116 tus
493 2046 586 2115 erat.
606 2039 695 2136 Ipse
706 2038 872 2114 Michael
881 2039 1071 2137 predictus
1081 2038 1202 2114 versit
1220 2061 1261 2114 se
1281 2060 1364 2113 eum
1374 2045 1529 2115 caterua

415 2189 484 2242 sua
512 2166 560 2240 ad
587 2165 839 2259 Velagosuar
857 2164 903 2239 de
930 2165 1082 2262 opidulo
1103 2164 1363 2259 Keohkemet3
1391 2163 1530 2240 Ladis-

413 2295 516 2368 laum
535 2290 683 2388 quidem
701 2313 918 2385 germanum
936 2290 1039 2366 misit
1058 2315 1141 2366 eum
1159 2289 1277 2384 Rege.

520 2415 617 2493 Oum
650 2417 1018 2514 appropinguassent
1045 2417 1094 2491 ad
1120 2415 1236 2491 Pesth
1269 2415 1530 2508 Zeuthfalwa‚

414 2543 505 2617 iecit
522 2541 715 2640 palatinus
742 2542 928 2636 clamare,
954 2549 994 2616 ut
1012 2542 1171 2638 quilibet
1191 2541 1404 2616 eomitiuam
1423 2560 1530 2616 suam

411 2667 642 2763 relinqueret
660 2667 699 2741 in
718 2659 846 2760 Pesth,
867 2667 965 2763 quia.
980 2667 1190 2765 hospicium
1210 2666 1439 2744 Budensium
1457 2689 1527 2764 pa-

412 2794 553 2869 latinus
572 2801 813 2890 occupasset,
834 2801 871 2868 et
890 2793 947 2870 sic
965 2795 1103 2870 laetum
1123 2800 1191 2869 est.
1206 2795 1297 2869 ‘Rex
1315 2794 1364 2870 ad
1383 2795 1529 2870 Budam

412 2920 530 2996 oioius
550 2921 769 3015 remigauit‚
799 2927 994 3016 magnates
1013 2922 1172 3017 quilibet
1201 2945 1283 2998 cum
1302 2924 1528 3000 cubiculari·

411 3049 482 3123 bus
499 3052 597 3139 tum3
626 3044 829 3122 Ladislaus
848 3047 1049 3146 Waydafia
1068 3049 1275 3124 admodum.

519 3169 567 3244 Iu
585 3171 755 3268 hospicio
776 3195 858 3246 oum
877 3175 957 3268 jam
976 3173 1159 3250 resideret
1177 3176 1338 3252 seeundo
1359 3177 1440 3272 die,
1471 3177 1528 3252 di-

413 3295 470 3370 xit
487 3293 639 3392 hospita
667 3297 716 3370 ad
742 3295 962 3372 Ladislaum
990 3299 1174 3400 Hunyad:
1205 3303 1354 3398 „Filius
1381 3303 1527 3377 demum

413 3443 492 3514 me,
513 3421 596 3496 dieo
614 3423 685 3500 tibi
704 3424 922 3520 veritatem,
953 3427 1124 3524 privatus
1144 3429 1219 3506 eris
1238 3454 1261 3504 a
1280 3431 1402 3528 eapite
1421 3434 1525 3505 tuo.“

344 3565 352 3582 ·
412 3545 501 3645 lpse
519 3548 668 3643 quidem
697 3551 794 3627 risit.
824 3551 1022 3631 Dionisius
1036 3555 1153 3652 judex
1181 3557 1367 3634 Budeusis
1396 3559 1527 3634 eodem

409 3683 578 3771 tempore
604 3680 891 3755 renunciauerat
919 3683 953 3756 ei
982 3685 1099 3778 clam,
1126 3691 1167 3758 ut
1194 3686 1315 3761 exiret
1341 3686 1388 3760 de
1420 3685 1529 3760 Buda

408 3804 653 3898 tempestive3
682 3806 772 3900 quia
799 3807 950 3884 invidus
978 3809 1160 3886 Nicolaus
1186 3813 1371 3911 wayuoda
1400 3821 1524 3888 exter-

412 3925 592 4004 minasset
611 3953 695 4006 eum
722 3933 876 4029 paribus
896 3935 995 4030 suis,
1026 3943 1077 4010 wt
1095 3961 1330 4036 nequaquam
1349 3939 1528 4014 evaderet

411 4063 566 4132 mortem
593 4064 657 4132 tm.
687 4059 811 4156 eapite
839 4061 1021 4158 priuatur.
1052 4063 1161 4140 Illioo
1186 4067 1306 4164 judici
1335 4067 1529 4142 mandauit

412 4183 603 4277 palatinus
632 4205 713 4257 eum
741 4185 991 4263 aucthoritate
1010 4188 1133 4286 Regia
1152 4198 1189 4267 et
1215 4194 1284 4268 sub
1304 4195 1428 4291 eapite
1446 4193 1525 4291 pri-

412 4314 521 4402 usto,
550 4316 592 4384 ut
620 4310 746 4385 statim
773 4309 899 4388 hostia
927 4315 1137 4412 Eudemia,
1158 4325 1247 4415 quot
1274 4327 1377 4414 sunt,
1398 4327 1528 4395 coacte

415 4433 492 4508 sint
508 4436 740 4533 repagulati,
769 4438 881 4514 etsie
899 4442 967 4516 sub
988 4443 1155 4518 custodia
1183 4441 1389 4550 Ladislaus
1407 4445 1525 4545 Way-

416 4557 524 4634 datia.
546 4559 645 4652 Quia
649 4565 728 4660 jam
738 4565 920 4643 sensisset
929 4567 1139 4668 Waydafia‚
1150 4567 1215 4674 aa.
1231 4572 1415 4667 quodnon
1426 4583 1528 4650 essct

415 4683 463 4758 ad
480 4687 711 4785 trulandum,
740 4711 856 4788 quare
874 4701 954 4770 erat
973 4695 1031 4770 vir
1050 4697 1146 4774 leuis
1169 4705 1205 4774 et
1224 4697 1344 4782 tortis.
1366 4701 1528 4776 cucurrit
