3248 5210
351 397 354 404 ’
395 421 470 498 102

395 621 619 698 Franciscus
639 620 842 714 Homonia,
864 627 901 694 et
919 619 957 692 in
977 618 1095 697 Vilak
1124 619 1366 694 ambulabant
1384 617 1518 692 dioen-

393 750 469 824 do:
504 749 577 844 ,Et
602 748 725 822 omnia
754 747 827 822 ista
862 747 1053 845 possessio
1089 747 1160 820 erit
1197 768 1280 820 mea
1307 743 1518 818 Laureneii

394 876 532 952 ducis.“
560 875 611 948 Et
629 874 754 949 statim
784 895 865 948 cum
894 880 1046 948 caterua
1064 895 1133 950 sua
1153 872 1353 949 transierat
1380 871 1429 947 ad
1448 893 1518 944 oc-

393 1002 600 1100 cupandum
620 999 930 1097 Petwrwaradja3
951 1023 1107 1096 cumque
1119 999 1519 1075 audisseteconuerso

393 1130 629 1206 Balimbassa
649 1127 768 1220 circa,
790 1132 826 1200 et
845 1133 1068 1202 retrorssum
1094 1127 1169 1201 cito
1189 1125 1351 1202 cucurrit
1371 1124 1420 1200 ad
1438 1124 1517 1200 Ze·

391 1254 619 1332 rem-Vilak.
649 1253 775 1347 Vidit,
806 1254 904 1350 quod
933 1277 1007 1328 non
1035 1260 1136 1330 esset
1168 1253 1360 1351 pollicitus
1388 1251 1518 1328 Cesar

393 1406 439 1456 ex
467 1389 574 1479 parte
603 1380 828 1456 officialibus
855 1380 944 1458 suis.
985 1380 1028 1454 In
1049 1404 1184 1476 magno
1214 1380 1342 1456 dolore
1369 1379 1519 1476 incepit

391 1509 544 1601 tristari,
565 1515 602 1582 et
621 1507 768 1583 dicebat
786 1508 824 1582 in
843 1531 904 1583 se:
930 1507 1177 1604 „Maledictus
1196 1506 1319 1602 homo,
1339 1507 1401 1604 qui
1420 1529 1516 1584 con-

392 1634 530 1710 fidebat
549 1635 587 1708 in
606 1633 775 1710 lbrko.“
802 1635 886 1731 „No
906 1657 996 1710 vere
1014 1634 1135 1710 adhuc
1154 1634 1331 1710 adfinem
1350 1635 1515 1728 videbis,

392 1761 490 1856 quod
509 1760 715 1868 audiebam,
723 1763 740 1801 “
774 1783 843 1856 ego
873 1761 1039 1838 dicebam
1060 1761 1099 1836 in
1118 1785 1189 1838 me.
1219 1761 1307 1859 Ipse
1326 1785 1414 1836 vere
1432 1784 1517 1839 non

392 1889 545 1964 multum
572 1887 747 1984 pansanit
766 1893 802 1962 et
821 1887 1002 1983 equitauit
1020 1886 1068 1962 ad
1087 1887 1424 1964 Transsiluaniam.
1457 1891 1516 1966 Et

391 2021 505 2090 totam
525 2014 778 2090 Sirimienscm
806 2014 969 2090 insulam
998 2015 1080 2089 sine
1105 2015 1285 2110 remigiae
1305 2023 1343 2090 et
1360 2023 1513 2115 protec-

391 2143 497 2216 cione
518 2142 732 2216 amiserunt.
761 2138 995 2218 Laurenoius
1015 2141 1089 2216 dux
1108 2141 1162 2216 nil
1182 2145 1338 2218 curabat
1356 2142 1401 2218 de
1420 2168 1513 2242 pos-

391 2267 560 2346 sessione
579 2290 648 2344 sua
676 2267 910 2356 adiuuanda,
940 2267 1051 2344 hawd
1078 2292 1226 2367 semper
1253 2270 1411 2364 silebat,
1439 2295 1516 2369 prs

392 2394 595 2470 auariciam
614 2393 735 2490 nimis,
757 2401 794 2468 et
812 2394 910 2492 quod
928 2398 1196 2493 expugnabant
1205 2397 1250 2474 de
1261 2420 1346 2472 arce
1357 2398 1511 2474 Zetem-

394 2519 514 2599 Vilok
533 2543 628 2614 eum,
650 2520 737 2616 quia
755 2523 849 2598 bene
869 2521 1011 2600 sciebat
1029 2523 1131 2620 ipse,
1153 2524 1251 2622 qnod
1269 2523 1354 2598 dum
1373 2523 1512 2602 Ladis-

391 2649 490 2724 laum
522 2647 727 2727 Bohemum
756 2659 1047 2748 coronauerant,
1073 2657 1171 2746 quod
1200 2651 1372 2748 Regnum
1398 2650 1508 2728 Hun-

261 2871 266 2880 .
390 2777 496 2874 garis
514 2777 703 2874 perdetur,
725 2785 795 2852 etc.
877 2865 879 2868 ¹

498 2903 586 2982 Jam
605 2905 802 2980 redeamus
829 2905 879 2980 ad
909 2905 1293 3000 Nandor-Feierwar,
1323 2906 1510 3004 quomodo

393 3035 503 3127 capta
523 3037 606 3108 erat
623 3054 691 3128 per
710 3030 889 3108 Cesaram
909 3033 1128 3109 Turcarum.
1145 3031 1318 3130 ‚Cumque
1336 3033 1510 3110 obsidere

391 3158 550 3250 lecerat,
572 3165 609 3233 et
626 3157 737 3232 valde
766 3179 983 3255 expugnare
1011 3160 1221 3255 inceperat,
1253 3167 1290 3236 et
1317 3183 1385 3258 pro
1409 3161 1509 3238 festo

393 3282 624 3360 visitacionis
644 3281 764 3358 Mario
783 3284 1021 3380 subvenerat,
1033 3293 1070 3360 et
1079 3285 1159 3364 dies
1169 3293 1383 3383 competens
1401 3273 1516 3364 elon?

391 3413 520 3506 gasset
538 3407 756 3503 sedecimas,
777 3410 910 3505 inquo
929 3411 1120 3508 pollicitus
1131 3419 1211 3488 erat
1221 3411 1353 3488 Cesari
1373 3411 1509 3490 Turko

244 3571 249 3578 ·
391 3557 505 3636 supra
525 3535 572 3610 ad
591 3534 790 3630 sexaginta
809 3536 901 3612 dics.
933 3535 1032 3628 Quia
1061 3547 1161 3615 esset
1179 3539 1347 3618 Valacus
1368 3539 1508 3614 Blasco

386 3667 465 3762 jam
492 3665 666 3740 misertus
704 3672 785 3740 erat
823 3685 934 3762 super
970 3663 1186 3763 horpbanos
1214 3673 1251 3740 et
1278 3665 1430 3760 viduas,
1460 3691 1508 3742 ac

392 3813 503 3890 snper
530 3792 699 3870 innocen.
729 3797 835 3867 extra
863 3791 1090 3886 elongabat3
1122 3800 1159 3866 et
1184 3791 1369 3868 dominnm
1397 3814 1506 3870 suum

392 3921 545 3996 timebat
564 3943 587 3993 a
607 3919 713 4014 Rege
733 3925 770 3994 et
788 3941 812 3992 a
830 3917 1031 4013 regnicolis
1047 3942 1113 4016 per
1134 3919 1389 3994 infidelitatem
1408 3919 1510 3995 sicut

394 4047 627 4141 contingerat
645 4045 729 4122 sibi.
751 4044 909 4120 Demnm
930 4041 1049 4120 Cesar
1068 4045 1274 4122 Turcsrum
1295 4045 1506 4144 apprehen-

392 4171 479 4250 dere
497 4171 638 4248 fecerat
656 4194 739 4246 cum
759 4171 980 4267 Balibassa3
1010 4179 1046 4247 et
1064 4171 1185 4248 Oesar
1203 4174 1430 4269 investigare
1450 4175 1503 4250 fe-

392 4305 513 4394 cerat,
534 4297 633 4372 etde
653 4299 835 4392 arguebat
861 4319 945 4372 eum
971 4319 1053 4372 cum
1081 4321 1217 4394 magna
1244 4299 1508 4398 increpacione

395 4447 497 4504 more
515 4447 654 4501 eorum.
675 4423 725 4500 Et
743 4421 889 4500 dicebat
907 4424 962 4498 ei:
978 4425 1076 4521 „Vbi
1095 4430 1152 4500 est
1170 4423 1262 4504 fides
1280 4432 1344 4500 tua
1363 4431 1400 4500 et
1418 4450 1507 4523 pro-

392 4550 506 4628 missa
523 4549 735 4632 humanitas
753 4555 838 4644 tura,
859 4551 958 4648 quod
977 4550 1074 4626 diem
1094 4573 1215 4628 meum
1234 4558 1505 4650 competentem

393 4676 588 4774 elongasti.
608 4675 668 4752 No
680 4699 751 4774 ego
762 4701 836 4752 non
847 4677 1046 4775 respiciam
1064 4677 1368 4773 ingratitudinem
1388 4685 1502 4774 tuam,
