3260 5226
1149 545 1226 623 339

103 745 243 846 Banya
262 745 301 820 in
320 743 415 820 silua
434 711 660 818 recondebat
678 739 715 813 in
735 737 878 817 duobus
897 741 1002 818 locis.
1032 741 1083 817 Et
1101 745 1228 820 statim
1344 785 1358 818 s

102 873 206 971 qnod
224 871 430 948 audiuisset
457 867 627 945 dominus
646 889 734 944 suus
753 868 982 964 gubernator
1000 870 1230 949 exalauisset

101 999 148 1076 de
168 999 308 1077 mundo
328 997 374 1074 ed
393 1003 560 1097 petrem,
590 1019 676 1071 mox
704 996 869 1094 suscepit
896 996 1056 1073 ducenta
1083 1001 1227 1097 equites

101 1127 330 1218 hunerones,
351 1132 388 1200 et
406 1131 523 1200 totum
542 1123 761 1198 thesaurum
781 1145 957 1219 magnum
978 1124 1023 1199 dc
1042 1149 1136 1224 puro
1156 1127 1227 1202 iul-

100 1253 193 1349 gido
213 1276 306 1330 auro
324 1253 364 1327 in
382 1249 535 1327 florenis
554 1254 771 1349 percussum
789 1239 977 1349 promtum'
1002 1258 1121 1328 totum
1139 1251 1226 1329 has-

101 1379 273 1480 portauit
311 1377 359 1454 od
387 1377 533 1454 domum
571 1399 676 1454 suam
712 1375 870 1472 Boukra,
910 1377 1020 1454 etde
1048 1377 1228 1458 thezauro

104 1529 207 1583 nuno
236 1509 360 1583 factus
390 1511 448 1582 est
465 1506 502 1580 in
523 1504 760 1602 magnificum
788 1526 979 1581 summum.
1009 1505 1060 1581 Et
1086 1530 1231 1584 summa

103 1631 283 1710 mouetbe
312 1633 357 1708 de
395 1653 486 1708 auro
522 1632 614 1732 facit
650 1637 796 1707 centurn
835 1631 959 1728 milia,
989 1639 1027 1708 et
1054 1633 1227 1710 sedecim.

104 1758 227 1838 lutam
245 1759 440 1857 pecuniam
461 1758 571 1834 valde
591 1758 791 1835 affectabat
808 1756 891 1834 Rex
911 1761 1009 1835 male
1028 1782 1228 1838 conserua·

103 1895 184 1963 tam
206 1894 298 1984 aput
316 1885 605 1963 se‘Francisous
633 1883 763 1982 Dobo‚
796 1891 834 1960 et
860 1860 1072 1983 pertinebat
1089 1887 1138 1963 ad
1156 1885 1229 1963 Re-

103 2016 323 2112 giestatem.
344 2010 453 2104 Quod
472 2013 505 2090 si
524 2011 802 2089 Rexmoreindi
821 2033 1031 2090 casumnon
1051 2013 1227 2114 dedisset,
1273 2065 1277 2074 .

104 2141 262 2219 volebat
289 2137 436 2214 omnino
466 2135 540 2238 ¹⁰¹·l
575 2136 621 2213 de
651 2137 858 2215 Francisoo
885 2137 994 2216 Dobo
1017 2149 1231 2242 exterpare‚

72 2310 75 2316 ·
105 2291 150 2344 oc
170 2267 329 2366 insuper
346 2263 573 2363 redarguere
592 2265 714 2362 ipsum
733 2265 976 2382 adjuturum.
996 2266 1047 2342 Et
1063 2269 1232 2368 ipsenon

106 2399 340 2494 pervenerat
358 2391 458 2468 diem
477 2391 604 2488 Petri3
634 2399 672 2468 et
695 2392 843 2469 dicebat
862 2392 1009 2470 demum
1028 2395 1138 2472 nobis
1156 2395 1231 2472 sin·

106 2521 272 2620 gilotim,
292 2519 389 2618 quod
408 2518 623 2616 diuertisset
639 2520 688 2595 ad
705 2521 862 2617 silwem,
881 2521 943 2597 vbi
962 2521 1233 2600 recondidisset

107 2671 248 2727 aureos
265 2647 305 2722 in
324 2645 466 2724 duobus
486 2646 623 2745 pilios;
652 2654 689 2724 et
715 2668 826 2723 vnum
855 2647 1003 2725 dicebat
1017 2648 1166 2744 inveni,
1195 2657 1234 2725 et

106 2773 315 2854 secundum
343 2795 531 2871 nunquam
558 2773 663 2872 potui
691 2773 853 2870 dirigere
873 2773 921 2849 ad
939 2775 1111 2851 semitam
1129 2777 1232 2875 ejus;

107 2925 224 2980 vnum
243 2901 391 3002 portaui
410 2902 560 3000 plenum
580 2902 726 2998 integre
745 2902 844 2978 sicut
862 2901 1142 2979 constituebam.

216 3029 301 3105 Rex
318 3027 403 3104 inde
422 3036 555 3127 postea
572 3036 769 3125 magnates
788 3028 1174 3128 Transilwenienses,
1195 3039 1233 3107 et

108 3157 281 3235 dominus
308 3155 463 3254 Majlat,
493 3155 556 3254 qui
586 3163 668 3232 erat
695 3156 803 3233 miles
821 3157 981 3255 probus,
1003 3165 1040 3233 et
1058 3158 1233 3258 vayvoda

108 3286 179 3363 toti
188 3284 314 3382 Regni
332 3283 595 3361 Transsiluan.

219 3411 316 3488 Erat
348 3411 519 3511 exceptis
547 3409 743 3508 Huugaris
771 3435 853 3488 cum
881 3416 1131 3511 gubernatore
1158 3414 1233 3491 tria

109 3563 218 3638 gens,
239 3538 415 3615 videlicet
431 3539 458 3616 J
460 3537 555 3635 udei,
577 3538 705 3636 Greci,
725 3539 826 3617 Itali.
846 3539 927 3618 Iste
937 3543 1010 3617 tria
1023 3548 1234 3638 genuerunt

109 3675 235 3776 [ocari
247 3725 256 3761 ‚
286 3673 341 3742 tot
366 3667 587 3743 thesaurum
614 3667 806 3744 habebant
833 3692 960 3746 secum
988 3693 1033 3744 ac
1056 3668 1133 3744 alie
1150 3690 1233 3767 pre·

111 3795 237 3888 cinea,
267 3793 456 3890 variisque
493 3791 613 3870 modis
641 3816 703 3870 res
738 3795 1021 3871 mercimonalio
1046 3795 1233 3894 precipue.

112 3920 250 3999 Fertur
278 3919 418 3997 dixisse
446 3942 540 3996 vous
568 3919 732 4016 dedens,
761 3927 816 3997 tot
843 3922 962 4000 dicias
980 3944 1106 3999 secum
1124 3921 1234 3998 duce·

111 4051 197 4144 bat,
228 4045 328 4146 quod
355 4047 459 4124 solus
486 4047 748 4147 spopondisset
776 4047 1020 4145 gubernatori
1040 4047 1175 4144 Gritti‚
1196 4055 1237 4123 vt

113 4177 237 4276 ipsum
267 4173 418 4249 duceret
446 4173 494 4249 ad
523 4173 686 4270 Budam‚
708 4183 745 4250 et
763 4175 909 4252 domurn
929 4173 1080 4250 Mendel
1100 4197 1145 4250 ac
1163 4173 1233 4252 du·

112 4303 267 4378 deorum
288 4301 423 4376 vicium
442 4303 634 4378 relaxaret
661 4301 717 4393 ei,
746 4301 845 4399 quod
873 4301 1039 4402 propriis
1058 4301 1235 4400 expensis

113 4428 299 4506 aleuisset
337 4427 524 4505 dominum
561 4431 849 4525 gubernatorem
878 4427 927 4504 ad
954 4427 1079 4503 decern
1107 4449 1235 4524 anuos,
1343 4401 1350 4416 ⁸

113 4555 215 4633 omni
244 4578 344 4632 anno
373 4555 501 4632 decem
529 4557 637 4634 milia
665 4557 820 4633 markas
847 4561 1083 4655 presentaret
1101 4556 1235 4652 guber·

115 4683 240 4761 notori
269 4683 318 4760 ad
344 4707 489 4762 manus.
520 4683 573 4760 Et
599 4683 666 4760 alii
695 4683 767 4760 duo
795 4681 954 4782 polliciti
982 4687 1090 4759 eraut
1116 4679 1238 4758 Italus

115 4823 246 4911 (ocor,
275 4819 312 4889 et
340 4809 489 4890 Grecos
516 4821 644 4911 soreos,
673 4811 773 4909 qnod
799 4811 853 4886 ita
878 4807 1238 4996 debenffhmm
