3248 5210
408 487 482 564 108

404 685 585 763 ditissime
613 686 786 763 accersiti
813 690 910 761 sunt.
951 681 1109 758 Etcum
1138 681 1346 759 audiuissct
1374 679 1518 756 Paulus

405 813 606 911 Thomorj,
636 820 674 888 et
702 811 929 888 Tracianum
958 809 1110 888 donauit
1138 817 1176 885 et
1194 811 1296 887 misit
1314 815 1521 885 retrorsum

408 961 501 1016 sum.
522 941 574 1015 Et
592 941 717 1016 statim
736 937 1087 1037 quinqueopistolas
1105 937 1271 1036 scripsit3
1291 958 1402 1011 vnam
1420 932 1522 1010 misit

407 1065 455 1141 ad
473 1065 660 1143 Jacobum
678 1063 814 1164 Banffy
834 1063 881 1139 ad
900 1063 1045 1158 Boroh;
1065 1062 1264 1139 secundam
1284 1061 1418 1138 misita
1437 1057 1519 1136 Ste-

404 1190 568 1289 phanum
605 1189 766 1285 Bardia;
802 1189 955 1266 terciam
993 1189 1093 1265 misit
1120 1188 1168 1263 ad
1195 1188 1314 1289 Bosyt
1350 1185 1520 1276 nauem

405 1322 575 1415 quartam
595 1317 643 1392 ad
662 1317 753 1394 belli
781 1317 968 1394 duetorem
996 1315 1163 1414 episcopi
1193 1313 1521 1412 Quinque-Eccle-

405 1443 561 1539 siensis3
583 1443 749 1540 quintam
768 1443 871 1520 misit
889 1443 937 1518 ad
955 1441 1201 1519 Franciscum
1220 1442 1337 1518 Bodo.
1358 1439 1521 1518 Insexto

406 1592 559 1647 numero
587 1569 669 1668 ipsc
688 1569 791 1646 solus
819 1567 1061 1664 Oheribassa,
1090 1569 1174 1669 ipse
1202 1569 1372 1666 neglexit
1388 1590 1431 1645 se
1450 1567 1518 1654 ire,

406 1695 495 1795 quia
530 1695 674 1771 fecerat
711 1695 873 1793 seipsum
910 1701 1141 1791 egrotatum;
1176 1702 1340 1770 attamen
1368 1699 1520 1790 gentem

405 1844 513 1898 suam
532 1821 684 1896 miserat
702 1819 750 1896 ad
769 1821 1008 1920 pugnandum
1027 1828 1156 1898 contm
1175 1820 1354 1914 ettnicos,
1374 1827 1413 1894 et
1428 1819 1522 1896 belli

406 1947 537 2024 ductor
556 1953 636 2023 crat
654 1946 775 2046 ipsius
793 1945 1019 2024 Francisous
1039 1947 1126 2024 Kis.
1154 1948 1205 2022 Et
1222 1947 1326 2044 genti
1346 1945 1522 2044 Quinque

406 2072 615 2150 Ecclesien.
636 2079 718 2150 erat
735 2071 881 2168 Dreghi
898 2071 1136 2150 Franciscus.
1163 2073 1214 2146 Et
1231 2095 1387 2170 cumque
1407 2073 1523 2150 mouit

407 2222 492 2276 sese
519 2199 621 2274 acies
649 2197 957 2292 christianorum,
987 2207 1096 2277 erant
1122 2207 1298 2298 tanquam
1328 2200 1457 2296 angeli
1486 2207 1523 2274 ct

407 2326 515 2404 hausi
543 2325 615 2400 viri
643 2325 685 2400 in
712 2324 886 2401 cordibus
912 2325 1012 2420 suis,
1041 2333 1079 2402 et
1105 2333 1211 2403 erant
1234 2327 1313 2424 jam
1333 2329 1464 2403 crebre
1484 2327 1522 2400 in

406 2453 602 2550 exerciciis
621 2459 751 2530 contra
770 2453 1006 2530 Ixmaelicos.
1135 2465 1141 2476 ·

350 2575 355 2586 ’
513 2577 635 2671 Quum
649 2581 728 2678 jam
741 2601 816 2655 vna
831 2579 987 2656 ebdoma
1004 2579 1246 2678 preteriisset‚
1267 2579 1363 2656 dixit
1380 2580 1523 2656 Perhut

406 2707 521 2783 bassa
539 2705 587 2781 ad
616 2705 783 2782 Mehmet
808 2707 914 2782 bek:
946 2708 1046 2804 ,Vbi
1073 2714 1161 2784 suut
1187 2707 1245 2784 illi
1272 2707 1402 2806 luppi,
1428 2729 1523 2804 quos

354 2921 360 2932 Ι
408 2832 499 2908 mihi
527 2835 785 2931 proponebas,
814 2839 853 2910 tu
878 2834 975 2910 latro
1003 2835 1257 2923 effeminatus,
1286 2833 1359 2909 (liu
1377 2843 1522 2932 perter-

406 2959 501 3037 ritus
520 2981 581 3053 es,
610 2982 686 3035 non
703 2960 872 3037 timeas.“
905 2958 1012 3052 Quod
1031 2961 1178 3038 audien.
1208 2961 1462 3060 increpantem
1481 2983 1524 3037 se

408 3084 603 3160 addomino
623 3084 785 3180 Perhat,
815 3084 928 3160 dixit:
952 3083 1017 3182 ,Si
1036 3087 1221 3162 uoluntas
1239 3085 1524 3182 magnificencie

408 3217 477 3307 est,
498 3233 568 3307 ogo
586 3212 692 3288 solus
709 3212 796 3288 volo
814 3219 1068 3310 perscrutare,
1094 3219 1132 3288 et
1149 3235 1279 3290 veram
1306 3213 1444 3288 lamam
1463 3237 1523 3290 re·

409 3341 532 3416 ferare
550 3337 1001 3436 magnificencievestre.“
1022 3339 1087 3438 ,si
1105 3341 1230 3438 placet
1247 3337 1366 3416 mihi?
1386 3339 1427 3416 Si
1446 3364 1523 3418 non

407 3463 623 3566 placuisset,
643 3485 713 3539 neo
731 3464 804 3542 huc
823 3465 1030 3560 venissem,
1051 3466 1139 3563 quia
1157 3487 1282 3542 coram
1301 3463 1456 3544 Cesaris
1475 3467 1524 3543 ad

409 3591 545 3670 faciem
572 3593 750 3668 erubesco
777 3592 832 3668 ire
851 3591 933 3669 sinc
958 3591 1233 3669 coniliccione.“
1262 3593 1429 3668 Mehmet
1444 3595 1523 3671 bek

408 3719 518 3797 sibito
537 3716 572 3822 *)
592 3743 717 3796 ascen.
743 3743 858 3819 super
876 3742 1030 3818 equum,
1058 3727 1097 3795 et
1115 3743 1243 3798 omnes
1261 3743 1443 3819 sequaces
1462 3723 1522 3799 sui

409 3845 645 3922 ornatissime
672 3869 718 3920 ac
753 3845 1035 3944 opulentissime
1071 3869 1151 3923 cunr
1189 3846 1351 3924 mitriate
1387 3847 1523 3946 capitis

409 3970 589 4071 spledidc.
610 3969 777 4068 Cumque
795 3973 962 4049 venisset
980 3971 1025 4047 de
1038 3979 1186 4050 castore
1206 3973 1522 4072 Perhatadquin·

409 4121 480 4196 que
499 4098 681 4192 miliaria,
702 4098 790 4174 ilico
808 4099 903 4174 vidit
927 4104 1086 4176 turmam
1103 4096 1397 4195 cristianorum,
1417 4107 1455 4174 et
1474 4101 1522 4178 acl

409 4245 582 4322 magnum
610 4231 770 4302 montem
797 4225 961 4302 cucurrit
986 4247 1132 4302 sursum
1151 4233 1188 4302 et
1212 4249 1323 4324 quum
1349 4227 1523 4306 intuisset

409 4374 493 4428 mox
511 4351 692 4428 volociter
710 4351 758 4426 ad
776 4373 881 4428 suam
900 4351 1019 4428 aciem
1038 4352 1171 4428 iterum
1191 4353 1383 4450 equitauit.

516 4473 566 4552 Et
582 4476 667 4552 inde
686 4475 783 4574 quod
800 4484 997 4554 senserant
1021 4499 1104 4556 eum
1123 4478 1215 4574 lore,
1236 4484 1394 4576 egerunt
1411 4501 1519 4576 egre-

445 4761 474 4824 *l
492 4759 572 4816 Am
591 4757 729 4822 ,subito.“
