3238 5228
1137 564 1214 644 265

262 625 288 724 t

22 791 24 848 t
121 797 185 852 sum
202 774 372 868 baberet,
392 794 521 849 omnes
539 747 672 868 gentes
699 769 748 844 ad
776 777 912 846 terram
931 774 1214 868 prostrauerunt

121 923 186 976 eum
201 899 325 997 gladio
345 896 399 998 rep
425 921 470 973 se
496 897 670 974 fustibus.
700 897 752 970 Et
779 896 851 995 ipsi
879 917 1069 994 pauperes
1097 913 1213 989 usque

119 1027 156 1100 ad
171 1031 320 1100 mortem
347 1030 659 1122 expugnaberunt
686 1043 768 1097 eum
796 1023 1027 1121 pagauibus,
1049 1026 1086 1094 et
1103 1017 1214 1095 valde

118 1153 311 1228 clamabant
340 1172 485 1228 sursum
514 1150 562 1225 ad
582 1150 791 1245 ciuitatem,
821 1158 861 1224 vt
888 1149 1110 1248 adjuuareut
1137 1169 1212 1234 ees.¹

118 1303 153 1353 ne
168 1285 240 1352 tam
259 1277 342 1352 dira
361 1283 478 1352 morte
496 1276 683 1374 perirent3
704 1281 868 1351 attamen
887 1299 995 1352 nemo
1014 1295 1128 1349 ausus
1145 1272 1215 1346 tuit

22 1451 23 1504 p
120 1428 135 1477 e
160 1401 401 1496 Christianis,
431 1401 494 1498 qui
514 1425 578 1478 eos
606 1401 884 1497 adiuauissent;
911 1407 975 1476 tm.
1005 1423 1073 1476 nos
1101 1423 1214 1498 super

22 1505 24 1538 ’
116 1553 224 1608 muros
252 1529 419 1606 eiuitatis
448 1529 739 1606 admirabamur.
770 1529 820 1603 Et
848 1529 1031 1606 Nieolaus
1049 1527 1214 1610 notarius
1301 1609 1305 1630 ἡ

115 1656 250 1733 Cesaris
268 1655 381 1730 valde
400 1655 567 1750 dolebat,
589 1655 687 1753 quod
706 1655 904 1732 eonsilium
923 1655 1004 1732 eius
1023 1678 1097 1730 nou
1115 1676 1213 1731 sum-

22 1841 23 1874 ,
115 1784 259 1859 mebant.
290 1781 365 1874 Qui
395 1781 567 1857 Alemaui
596 1789 881 1881 permanserunt
907 1782 946 1856 iu
971 1782 1121 1857 ciuitate
1141 1781 1213 1857 Bu-

22 1947 23 1956 *
116 1909 204 1984 densi
222 1907 317 1984 etin
336 1931 435 2003 aree,
456 1908 529 2006 ipsi
549 1907 706 2006 pacifice
728 1915 1025 2005 permanserunt.
1055 1907 1214 1983 Demum

117 2058 175 2132 quo
192 2037 390 2112 voluerunt
419 2032 574 2137 quiet(e)
602 2044 868 2134 perrexerunt3
897 2037 935 2110 in
964 2061 1050 2114 aree
1074 2037 1140 2134 qui
1157 2037 1214 2110 lu·
1243 2065 1248 2074 ·

117 2170 217 2259 uaut,
236 2161 318 2238 Rex
339 2163 443 2260 ipsos
462 2163 640 2237 amietare
658 2162 762 2252 feeit,
778 2170 816 2237 et
834 2162 992 2261 posthae
1009 2163 1150 2240 dimisit
1168 2163 1215 2237 ad

117 2287 344 2363 Alemaniam.
376 2287 498 2380 Quum
512 2291 591 2386 jam
610 2288 796 2365 cadauera
810 2291 988 2388 jacebant
1006 2289 1216 2387 despoliata

115 2436 169 2510 per
186 2415 354 2508 attuieos,
375 2421 412 2488 et
431 2415 547 2490 multa
565 2415 785 2490 thezaurum
804 2416 991 2490 inuenien.
1013 2416 1111 2514 apud
1130 2437 1214 2508 e0s3

115 2541 272 2640 precipue
291 2540 465 2617 dibebant
475 2541 575 2639 apud
584 2541 829 2638 Vlffanghum
848 2542 1097 2641 pannieidam‚
1119 2542 1216 2639 quod

114 2667 144 2740 in
156 2669 267 2767 joppa
285 2691 356 2744 sua
374 2669 419 2743 de
445 2669 550 2767 puris
577 2671 729 2748 auribus
751 2677 914 2746 ‘consuta
943 2677 1053 2746 esset.
1083 2669 1135 2744 Et
1161 2668 1215 2744 sic

113 2794 311 2886 gaudebant
340 2794 384 2868 de
414 2795 546 2892 spoliis
574 2797 740 2873 luctibus
768 2797 867 2892 suis,
899 2803 937 2872 et
963 2797 1001 2872 iu
1030 2795 1139 2870 Buda
1166 2794 1215 2868 ad

113 2927 343 3014 sonpmrettie
372 2921 530 2996 alaman.
561 2928 598 2995 et
625 2921 765 3014 dieen,
796 2923 859 3020 qui
886 2923 971 3019 plus
1000 2921 1106 2997 daret
1129 2945 1214 3021 pro-

115 3051 193 3140 pter.
215 3049 261 3120 Et
279 3045 333 3122 ibi
353 3069 523 3146 corpora,
543 3070 655 3145 quum
676 3048 952 3144 descendimus,
983 3050 1216 3148 apparebant

119 3181 279 3269 tauquam
299 3197 386 3250 rosa
394 3177 656 3275 rubebautper
666 3177 861 3274 planicies,
883 3186 920 3252 et
938 3177 1043 3252 nulla
1062 3175 1214 3275 despee-

119 3296 167 3371 uio
192 3302 424 3398 apparebant
441 3301 480 3376 in
499 3302 555 3376 eis
575 3303 805 3401 corporibus.
836 3302 916 3379 Rex
945 3289 1114 3380 Joaune‘s
1132 3326 1214 3401 pre-

116 3425 209 3521 cepit,
227 3433 268 3500 vt
286 3447 352 3501 ees
371 3425 508 3502 ibidem
527 3428 784 3525 sepellientur,
805 3435 843 3504 et
852 3429 985 3527 sieper
1004 3427 1214 3505 mandatum

115 3543 215 3646 Regis
233 3549 448 3649 Majestatis
477 3553 613 3653 sepulti
642 3561 738 3630 suut.
769 3556 821 3630 Et
845 3556 964 3632 eiuem
983 3555 1215 3653 Wlffangwn

116 3675 306 3768 paricidam
335 3687 539 3776 posuerant
567 3702 650 3756 eum
680 3703 816 3781 eorpus
855 3683 992 3758 nudum
1020 3683 1215 3759 induentes

116 3821 178 3874 sen
193 3805 339 3880 voluer.
360 3805 399 3879 iu
418 3806 579 3902 lugubre
596 3808 693 3901 tela,
714 3816 852 3884 etcum
871 3787 1110 3909 processione
1129 3832 1214 3908 pur·

22 3969 23 3988 r
115 3928 257 4007 bmmus
275 3931 325 4006 ad
343 3931 541 4008 ecelesiam
571 3931 689 4009 Beate
717 3933 840 4011 Marie
871 3935 1062 4032 Virginis,
1093 3943 1130 4010 et
1148 3935 1213 4011 bo·

116 4052 306 4133 stituerunt
323 4079 392 4153 pro
411 4079 468 4153 eo,
490 4063 528 4132 et
545 4057 601 4134 sie
617 4060 830 4137 retunditur
848 4061 974 4138 fuerat
990 4069 1133 4160 postea.

203 4181 357 4262 Interim
386 4183 517 4259 eadem
545 4185 665 4262 forma
692 4187 796 4263 veuit
824 4187 872 4263 ad
899 4186 1041 4285 Regem
1066 4189 1213 4286 quidam

117 4310 273 4388 nunecius
302 4311 348 4386 de
376 4307 520 4411 Lippa,
550 4311 648 4409 quod
676 4336 805 4390 omues
832 4313 987 4411 Poloui,
1017 4315 1081 4413 qui
1109 4325 1214 4392 eraut

116 4445 269 4529 quattuor
287 4441 475 4516 eeutasub
493 4439 749 4538 Themeswar,
769 4449 807 4518 et
825 4443 943 4519 seiam
962 4443 1019 4520 illi
1038 4443 1213 4542 prostrati

115 4566 247 4642 suntad
264 4573 404 4644 terram
422 4589 492 4666 per
510 4590 614 4644 erma
626 4568 819 4646 Valentini
838 4569 1007 4666 Therek,
1027 4577 1065 4645 et
1082 4569 1214 4670 deferij

116 4699 224 4768 esseut
240 4715 308 4792 per
326 4693 474 4790 gladios
503 4695 685 4772 militibus
713 4695 989 4793 Hungarerum.
1018 4696 1070 4772 Et
1087 4697 1140 4774 ibi
1159 4697 1214 4774 di-

116 4815 207 4893 etat
231 4819 412 4897 nunecius
438 4843 613 4918 maguam
633 4823 778 4922 copiam
798 4825 942 4902 luerum
961 4823 1131 4901 thezauri
1150 4824 1212 4900 de-
