3260 5226
433 455 511 540 388

421 665 473 739 ,in
493 661 646 740 ciuitate
672 665 794 738 Vatom·
815 663 982 755 Beoprcd
1000 663 1038 735 id
1057 673 1111 736 eet
1124 654 1160 762 ¹⁸)
1187 659 1227 735 in
1254 657 1356 734 Alba
1374 653 1552 752 Regalis.

434 791 485 865 Et
504 789 679 864 dixerunt
706 785 829 862 coloni
849 812 857 859 :
882 785 991 882 „Duc
1011 785 1150 863 milites
1174 793 1260 863 sunt
1277 809 1325 862 ex
1345 784 1551 880 Hungaris,

433 915 610 994 videlicet
645 915 787 1010 primus
829 911 1054 989 Franciscus
1100 911 1328 1013 Capolnay3
1365 911 1552 990 secundus
1625 973 1626 984 ,

433 1045 630 1120 Emericus
659 1039 857 1118 Verbwch.
887 1038 958 1118 Isti
986 1038 1058 1117 duo
1087 1040 1225 1116 milites
1254 1039 1411 1137 quilibet
1436 1037 1552 1115 habet

433 1176 611 1248 sexcenta
638 1165 782 1264 equites
808 1167 948 1259 bonos,
976 1165 1016 1240 iu
1034 1186 1188 1241 numero
1209 1165 1401 1240 duodecim
1420 1173 1549 1256 centa3

305 1288 308 1294 ’
433 1306 471 1374 et
489 1297 563 1372 dux
583 1292 856 1371 Germanorum
875 1292 1060 1370 Varchok
1078 1289 1133 1395 **)
1159 1294 1245 1390 qlus
1264 1314 1374 1390 quam
1392 1293 1466 1368 tria
1483 1293 1549 1367 rui-

431 1426 485 1501 lia
513 1445 596 1499 cum
624 1420 839 1514 allemanie,
860 1427 898 1495 et
915 1442 999 1495 cum
1027 1419 1264 1496 Talianibus.
1293 1421 1345 1495 Et
1371 1420 1410 1496 in
1438 1442 1551 1518 super

431 1551 576 1652 pedites
595 1547 789 1644 Hungari,
815 1546 878 1644 qui
896 1547 1186 1644 appellabantur
1204 1546 1446 1648 hayducones
1465 1549 1548 1646 plus

433 1699 544 1776 quarn
564 1683 647 1752 octo
667 1675 812 1752 eenta.“
836 1672 919 1749 Hec
937 1694 1019 1749 cum
1038 1673 1183 1748 audien.
1204 1671 1325 1752 Cesar
1342 1673 1548 1751 'l'urcarnm

429 1810 580 1886 tremuit
598 1829 802 1906 preparare
820 1829 863 1882 se
881 1803 1052 1882 obsidere
1073 1802 1184 1911 Μὴν·
1205 1807 1395 1882 ciuitatem
1413 1805 1548 1882 Albam

431 1935 624 2032 Regalem.
653 1934 787 2036 Adhuc
813 1933 1062 2028 interrogauit
1089 1931 1237 2010 Cesar:
1268 1933 1337 2030 „In
1365 1955 1437 2030 quo
1465 1933 1547 2007 luco

431 2068 643 2138 constructa
671 2067 728 2136 est
747 2059 938 2136 a1·xilla.“
970 2059 1020 2134 ut
1047 2059 1221 2137 dixerunt
1247 2061 1399 2137 coloni:
1425 2059 1547 2157 „Vere

429 2197 487 2266 est
504 2190 543 2265 in
560 2190 644 2264 loco
672 2187 856 2286 planicie,
885 2185 951 2262 sed
979 2187 1208 2264 circumdata
1236 2195 1294 2264 est
1312 2209 1395 2264 curn
1414 2186 1547 2262 meniis

430 2314 572 2392 duabus
590 2321 628 2389 et
647 2337 728 2390 cum
746 2313 881 2392 bastiis
900 2311 1059 2391 diuersis
1084 2313 1187 2390 duris
1206 2315 1375 2391 rotundis
1393 2314 1545 2390 circum-

429 2441 529 2517 data.
551 2441 602 2517 Et
619 2441 771 2538 insuper
790 2447 931 2517 statuta
960 2463 1038 2516 sew
1067 2439 1240 2516 edificata
1259 2443 1357 2517 inter
1374 2439 1546 2539 palludes

429 2569 570 2666 pratis,
600 2588 644 2643 ac
663 2569 760 2644 inter
779 2567 963 2668 profundo
992 2567 1149 2644 luttibus
1177 2575 1318 2644 statuta
1337 2575 1396 2644 est
1413 2568 1545 2642 ciuitas

429 2694 535 2770 hec.“
568 2691 677 2786 Quod
703 2691 823 2770 Cesar
852 2698 981 2770 Zoltnn
1010 2697 1122 2770 Zeltm
1151 2689 1227 2796 ***)
1271 2693 1324 2768 ait
1351 2695 1544 2770 bassarum

430 2842 611 2897 suarum:
636 2819 701 2920 „Si
730 2827 830 2897 esset
848 2821 887 2895 in
907 2827 1051 2915 monte,
1079 2823 1174 2896 bene
1202 2821 1350 2917 quidem
1378 2821 1543 2897 obtinere

430 2969 647 3045 possemus;
676 2948 743 3023 sed
762 2948 795 3023 si
815 2947 869 3023 ita
888 2955 965 3041 est,
996 2946 1178 3044 quomodo
1203 2947 1294 3022 mihi
1312 2945 1543 3036 declarastis,

430 3077 584 3152 difficile
615 3083 673 3152 eat
700 3075 792 3152 mihi
812 3077 917 3151 illam
954 3077 1155 3151 ciuitatem.
1194 3073 1270 3150 Sed
1299 3075 1382 3150 Deo
1411 3097 1543 3172 magne

431 3202 634 3300 adjuuante
661 3201 728 3278 fiat
755 3203 795 3277 in
823 3205 963 3301 proba3
993 3203 1053 3280 sin
1081 3209 1205 3277 autem
1234 3224 1308 3277 non
1335 3222 1541 3300 possumus,

433 3329 603 3428 captiuos
630 3328 834 3426 depredare
862 3331 1056 3406 valeamus
1082 3335 1234 3426 postea;
1263 3327 1296 3404 si
1324 3335 1449 3404 autem
1469 3349 1542 3402 ma·

429 3477 527 3552 gnus
545 3455 651 3532 Deus
670 3457 917 3552 concesserit,
937 3461 1157 3556 permaneat
1174 3461 1253 3529 tota
1270 3451 1373 3550 regio
1392 3455 1541 3552 provin·

434 3582 575 3658 ciarum
601 3581 640 3657 in
668 3581 939 3680 tranquillitate
967 3584 1036 3661 sub
1065 3581 1209 3658 dicione
1237 3578 1392 3657 Cesaris
1425 3577 1541 3676 Maje·

428 3709 537 3785 statis
555 3710 718 3786 nostre.“
746 3815 752 3822 ,

758 3978 1094 4084 (cnannunnn
1122 3977 1222 4084 cx).

533 4194 654 4272 Monit
671 4219 712 4274 ae
732 4195 854 4276 Cesar
873 4199 979 4296 quasi
999 4197 1183 4312 absidata,
1204 4195 1306 4275 misit
1323 4193 1539 4274 veredarios

429 4345 517 4402 suos
536 4325 584 4400 ad
603 4347 669 4402 eos
687 4323 841 4404 ducibus
851 4325 1104 4426 optimatibus.
1125 4325 1375 4402 Precursores
1386 4321 1538 4402 Cesaris

496 4595 526 4666 ὓ)
546 4591 675 4650 dedbbl
692 4591 747 4650 kda
765 4591 838 4650 lltal
856 4589 1010 4652 hltdrlllve.

478 4686 527 4752 t*)
546 4664 663 4740 uirtutis
682 4683 828 4742 Warkoclr
847 4684 977 4758 Gybrgy.

454 4773 524 4844 m)
544 4771 672 4830 dedbbi
692 4773 745 4830 ken
764 4775 837 4830 tltal
856 4775 1010 4834 litbrdlva.
