3260 5226
398 497 477 578 838

404 697 594 796 accipiens
622 695 790 773 Valakie
822 699 1022 796 erperode,
1053 707 1091 774 et
1118 723 1242 777 secum
1271 703 1402 778 ducen.
1421 705 1524 780 mala

401 829 519 900 morte
538 822 645 900 finuit
663 845 737 901 eos.

700 1109 1035 1213 (caerrunnn
1065 1114 1246 1218 xcvn).

513 1327 607 1406 Inde
627 1329 799 1426 equidem
822 1328 906 1406 Rex
924 1331 1092 1410 Joannes
1120 1332 1289 1428 audien,
1319 1333 1419 1431 quod
1440 1335 1521 1433 jam

401 1450 480 1532 tres
507 1455 637 1554 planet
664 1465 907 1535 surrexerant
933 1457 1093 1534 maxime
1120 1459 1158 1534 in
1186 1481 1323 1534 aurora
1341 1461 1521 1558 vesperis,

404 1591 441 1658 et
458 1605 607 1683 semper
626 1585 869 1682 quiescebant
887 1585 936 1664 ad
953 1585 1101 1664 hortum
1120 1587 1213 1663 solis
1232 1587 1271 1662 in
1289 1607 1427 1664 aurora
1445 1611 1523 1664 ma·

402 1709 582 1788 tntinalis.
607 1711 658 1786 Et
685 1709 768 1788 Rex
797 1712 969 1790 Joanncs
997 1731 1146 1811 semper
1173 1736 1232 1788 me
1250 1713 1521 1810 interrogabat,

403 1836 490 1934 qnid
517 1836 741 1933 designaret.
774 1839 859 1936 Ego
886 1839 992 1915 dixi:
1026 1837 1299 1936 „Serenissime
1327 1839 1524 1940 Princeps,

402 1962 576 2060 designat
593 1972 748 2042 mortem
766 1967 988 2066 principum,
1008 1973 1046 2042 et
1065 1965 1525 2066 quartaplanota.“1dcm

404 2115 500 2168 anno
519 2092 605 2169 dum
625 2094 841 2172 scribebant
859 2093 976 2177 1534.
1007 2095 1058 2170 Et
1075 2119 1224 2196 semper
1250 2095 1525 2196 contemplatos

403 2227 486 2297 crat
513 2217 597 2296 Rex
616 2221 845 2300 incubiculo
873 2245 962 2318 suo,
992 2245 1037 2298 ac
1065 2223 1231 2320 vigilans
1250 2229 1344 2298 crat.
1372 2221 1424 2298 Et
1441 2223 1526 2322 ipse

404 2369 550 2447 semper
568 2348 617 2424 ad
635 2373 744 2426 mane
762 2349 980 2448 predicebat
1004 2375 1121 2429 nawa.
1152 2349 1275 2444 Quum
1288 2354 1368 2450 jam
1387 2357 1523 2448 quarta

403 2473 557 2574 plancta
583 2477 831 2573 surrexisset,
852 2485 889 2553 et
907 2501 978 2554 non
998 2486 1099 2555 esset
1116 2477 1275 2555 rotunda
1303 2471 1437 2572 flama,
1457 2475 1525 2552 sed

401 2609 528 2679 tenna.

510 2729 562 2806 Et
579 2729 625 2806 de
645 2731 838 2810 Varadino
868 2733 995 2808 statim
1022 2732 1121 2808 misit
1140 2753 1288 2808 seruum
1306 2751 1414 2806 sunm
1432 2729 1523 2806 fide·

403 2859 477 2934 lem
506 2880 640 2934 nomen
668 2857 913 2935 Franciscum
941 2859 1094 2960 Keresy
1113 2858 1161 2933 ad
1180 2857 1285 2954 Zegb
1313 2857 1524 2956 posscssio-

403 3007 488 3061 nem
514 2985 675 3063 Joannis
702 2985 812 3085 Docy
831 3007 914 3062 cum
934 2985 1103 3063 ducentis
1122 2985 1330 3083 equitibus,
1351 2991 1390 3058 ct
1407 2983 1523 3060 mnlta

401 3111 624 3189 thesaurum
642 3113 830 3188 invenien.
857 3112 1084 3190 Franciscus
1103 3112 1286 3212 Keressy.
1314 3110 1363 3185 Et
1381 3109 1429 3185 ad
1447 3109 1522 3186 Bn-

404 3239 488 3316 dam
508 3261 575 3339 per
593 3247 671 3315 tres
689 3260 819 3316 curros
837 3241 932 3316 bene
952 3239 1170 3334 sarcinatos,
1192 3246 1229 3313 ct
1247 3243 1320 3314 dno
1330 3234 1522 3313 duodecim

403 3367 519 3446 boues
536 3368 602 3443 vix
621 3373 795 3466 poterant
812 3366 985 3462 trahere;
1015 3373 1052 3442 ct
1070 3369 1313 3465 portauerant
1331 3363 1379 3440 ad
1398 3384 1520 3438 arcem

405 3492 559 3569 Budam.
590 3491 677 3569 Non
704 3501 963 3592 presumerent
981 3492 1062 3588 die,
1093 3493 1160 3567 sed
1178 3497 1286 3567 nocte
1304 3489 1523 3588 bajolabant

405 3620 579 3719 preciosa
604 3618 847 3715 thesaurum,
877 3619 973 3718 quod
1001 3640 1075 3695 non
1103 3625 1277 3718 poterant
1300 3617 1438 3693 vehere
1455 3637 1523 3713 per

405 3748 609 3826 sexbcras.
631 3748 845 3826 Etvxorem
866 3771 971 3826 suam
983 3769 1065 3824 oum
1076 3747 1207 3824 liberis
1226 3745 1385 3822 duxerat
1396 3743 1521 3820 'Fran-

404 3877 527 3952 ciscus
546 3875 718 3977 Keressy
731 3878 811 3974 jam
831 3882 916 3975 post
934 3876 1125 3952 decessum
1154 3873 1317 3952 Joannis
1336 3871 1463 3971 Docp,
1483 3881 1522 3946 st

404 4009 556 4102 propter
575 4001 832 4078 infidelitatem
851 4024 956 4078 suam
976 4009 1104 4079 eontra
1122 3999 1265 4098 Regem
1285 3998 1480 4077 Joannem.

511 4129 604 4206 Inde
632 4130 780 4227 quidem
811 4131 928 4206 eciam
947 4130 1029 4208 auri
1048 4117 1272 4208 florenorum
1297 4127 1464 4204 incussor
1479 4125 1520 4201 in

406 4255 539 4358 Banya
556 4259 625 4334 sub
644 4279 778 4334 nomen
804 4255 1068 4353 gubernatoris
1097 4254 1211 4332 Gritti
1241 4261 1321 4329 erat
1345 4253 1464 4328 factor
1479 4251 1519 4326 in

404 4383 475 4462 bac
493 4407 534 4461 rc
554 4405 687 4462 nomen
715 4385 941 4462 Franciscus
971 4383 1079 4460 Dobo
1107 4405 1154 4458 cx
1182 4381 1355 4457 comitato
1380 4375 1519 4475 Hungb

405 4535 473 4610 per
491 4511 677 4589 dominnm
705 4513 1005 4610 gubcmatorsm.
1037 4509 1126 4610 Ipse
1153 4507 1380 4586 Francisous
1398 4505 1520 4582 consi·-

405 4635 514 4712 iiauit
531 4659 617 4716 mox
637 4661 678 4716 sc
697 4637 840 4736 ipsum,
861 4647 899 4714 et
916 4639 1041 4716 statim
1060 4637 1154 4713 dnos
1171 4635 1294 4734 pileos
1311 4633 1518 4709 buzaroncs

404 4763 645 4868 impleuerat,
667 4771 705 4840 et
723 4766 928 4842 consuebat
958 4761 1069 4840 valde
1097 4761 1247 4856 stricte3
1275 4765 1313 4834 et
1339 4757 1392 4835 ibi
1413 4761 1514 4855 juxta
