3238 5228
401 425 478 502 2⁷2

402 623 576 722 Gaspero
605 623 777 725 Raskay.
807 623 891 700 Heo
914 647 997 700 oum
1016 625 1185 702 audisset
1203 623 1365 724 Raslray
1384 631 1520 702 treme-

400 750 520 828 t‘aotns
548 757 641 828 erat.
671 750 752 829 Nos
779 751 1042 850 spectabamus
1066 775 1150 827 eum
1168 757 1357 848 tamqnam
1376 747 1523 826 redem-

400 885 544 975 ptorem
564 878 782 954 animarum.
803 876 977 956 Vidimus
996 877 1142 954 venien.
1164 873 1523 976 ipsumsinednoen.

400 1003 581 1101 captiuos,
602 1027 670 1082 neo
689 1004 738 1080 ad
751 1004 896 1100 Regem
914 1003 1144 1100 diuersum,
1165 1001 1231 1081 sed
1250 1001 1522 1100 adhospieium

401 1150 509 1204 sunm
528 1129 698 1208 diversit.
718 1130 769 1205 Et
779 1129 863 1208 Rex
874 1129 944 1208 hoo
952 1131 1135 1226 senciens,
1156 1123 1524 1230 qnarenondin(e)r-

398 1263 496 1332 terat
514 1279 555 1333 se
575 1255 623 1332 ad
642 1255 806 1354 Regem3
835 1258 918 1356 ipse
947 1257 1140 1336 declarare
1160 1256 1258 1362 oepit
1275 1253 1524 1355 peculiariter

399 1380 497 1480 Regi
535 1382 675 1460 Joanni
712 1383 928 1480 admodum,
965 1385 1021 1462 sio
1054 1385 1234 1484 seriptum
1263 1389 1331 1460 est.
1360 1381 1523 1458 Pontem

398 1509 623 1610 optinuimus
642 1533 756 1609 super
775 1533 910 1609 aquam
929 1511 1116 1609 Danubii,
1146 1511 1213 1588 sed
1231 1503 1434 1609 captiuo(s)
1454 1527 1521 1582 ne-

396 1658 595 1736 quaquam.

501 1761 604 1840 Inter
632 1763 701 1838 heo
729 1772 911 1838 venerunt
930 1787 953 1838 a
972 1762 1115 1842 Oesare
1140 1763 1351 1840 Turearum
1370 1759 1520 1836 Paulus

372 1875 698 1990 'mohiepisoopus
726 1898 764 1965 et
792 1892 930 1968 Petrus
960 1891 1080 1995 Priny
1110 1915 1193 1970 eum
1212 1889 1402 1967 relatione
1421 1887 1520 1966 isto:

398 2015 475 2112 „Vt
492 2015 663 2094 audirent
690 2015 878 2094 Joannem
906 2013 1060 2113 Regem.
1091 2017 1142 2092 Et
1170 2039 1298 2093 omnes
1326 2013 1392 2090 alii
1419 2015 1520 2114 opti·

396 2149 514 2218 metes
533 2139 811 2238 Hungarorum.
841 2141 924 2238 Ego
945 2142 1094 2239 quidem
1115 2142 1163 2218 ad
1180 2141 1289 2218 fidem
1309 2161 1430 2216 meam
1451 2161 1521 2240 per

395 2267 660 2344 llalrwmetum
705 2268 928 2368 prophetam
967 2277 1004 2344 et
1041 2292 1188 2346 omnem
1228 2267 1518 2368 prosperitatem

393 2393 557 2494 spondeo
578 2416 735 2492 eumque
755 2417 814 2470 me
834 2393 941 2473 Deus
970 2396 1114 2493 deouit,
1144 2395 1242 2494 quod
1269 2395 1365 2472 dabo
1394 2401 1516 2472 totam

393 2522 622 2621 provinciam
641 2523 752 2600 vobis
780 2524 942 2600 insulam
973 2521 1229 2602 Sirimiensem
1258 2545 1341 2601 enm
1359 2522 1462 2600 areis
1481 2529 1519 2597 et

393 2671 476 2726 enm
495 2650 800 2750 possessionibus
824 2653 923 2748 suis,
952 2661 1079 2752 preter
1098 2653 1186 2731 illas
1205 2653 1299 2730 duas
1317 2673 1438 2746 eroes,
1461 2649 1516 2725 vi·

392 2774 526 2852 delicet
554 2776 866 2855 Nandor·Albam
885 2786 922 2852 et
949 2777 1110 2856 Sabaon.
1139 2780 1189 2856 Et
1207 2781 1360 2879 insuper
1377 2777 1419 2852 in
1438 2773 1516 2854 Re-

390 2925 464 3000 gno
492 2903 703 2982 Bonnensis
734 2911 914 3004 quotquot
949 2929 1057 2984 arces
1094 2907 1214 3006 aeoipi
1240 2915 1408 3004 tempore
1437 2900 1515 2980 La·

391 3027 502 3106 dislai
521 3028 651 3127 Regis.
672 3031 724 3106 Et
742 3033 840 3127 volo,
860 3033 1123 3111 itavtfaoiatis
1137 3037 1392 3132 juramentum
1407 3027 1515 3124 mihi,

391 3161 431 3228 vt
449 3155 532 3233 sitis
560 3155 690 3234 fideles
719 3157 819 3254 Regi
846 3157 1024 3237 Joanni.“
1057 3159 1106 3236 Et
1123 3160 1292 3236 fecerunt
1318 3155 1515 3254 vtrinsqne

390 3283 651 3380 personaliter,
663 3285 856 3360 vtvellent
874 3287 1018 3362 semine
1031 3288 1112 3385 jam
1130 3285 1227 3383 Regi
1246 3282 1387 3364 Joanni
1406 3281 1514 3360 dein-

390 3431 491 3510 eeps,
511 3409 608 3486 siout
626 3417 848 3508 antequam3
873 3411 961 3508 quia
980 3413 1080 3490 absit
1089 3415 1137 3490 ab
1157 3413 1212 3490 eis
1231 3409 1344 3488 velud
1362 3407 1511 3486 Pharo·

245 3569 249 3578 ·
389 3559 468 3615 nes.
497 3533 652 3614 Interim
672 3545 753 3614 erat
772 3560 911 3616 oorona
940 3561 1053 3638 snper
1081 3541 1297 3616 deauratam
1314 3538 1513 3640 palpetum

391 3669 540 3742 statuta.
582 3665 776 3742 lntuentes
821 3665 895 3766 ipsi
931 3689 1106 3744 eoronam
1143 3666 1352 3763 angelicam
1389 3661 1513 3740 dicen.

393 3787 515 3888 „Quid
532 3789 595 3866 hio
620 3792 743 3888 querit
769 3815 907 3868 corona
935 3801 1065 3872 nostre
1093 3787 1410 3890 Hungarorum?“
1443 3789 1514 3866 Ait

390 3913 510 3994 Cesar
530 3945 538 3992 ε
563 3915 629 4014 „Si
647 3918 719 3994 fuit
737 3916 1025 4016 Hungarorum,
1057 3942 1155 3996 nuno
1182 3943 1266 3996 mea
1285 3917 1509 3994 Turturum.

389 4041 464 4118 Sed
483 4065 598 4120 eausa
617 4053 699 4121 erat
718 4068 778 4120 me
797 4045 925 4122 videre
944 4047 1062 4146 ipsam
1082 4069 1269 4144 eoronam,
1290 4045 1377 4144 qnia
1395 4043 1511 4120 valde

390 4169 493 4266 viget
528 4171 629 4272 apud
656 4194 724 4249 nos
753 4171 885 4270 Regno
913 4173 1142 4271 Turoarum,
1161 4173 1259 4272 quod
1293 4195 1363 4248 nos
1390 4167 1512 4246 Turni

388 4295 498 4374 valde
515 4299 673 4395 angelos
691 4297 929 4378 honoramus.
944 4297 1035 4400 θ’·ξν·
1067 4299 1142 4379 Sed
1159 4297 1268 4404 a(lia)
1287 4311 1509 4392 oasnaerat,

388 4427 485 4521 qnod
504 4423 632 4503 videre
651 4426 811 4524 possim,
840 4425 873 4504 si
892 4435 949 4506 est
974 4429 1148 4528 preeiosa
1167 4438 1232 4505 aut
1249 4451 1336 4506 non.
1364 4429 1415 4508 Et
1432 4431 1510 4510 iste

387 4571 526 4628 corona
544 4573 619 4630 non
638 4551 750 4630 valde
769 4555 942 4653 preciosa
962 4565 1035 4656 est,
1056 4559 1146 4658 quia
1164 4580 1239 4635 non
1257 4559 1509 4658 suntlapides

387 4675 559 4778 pretiosi,
579 4687 636 4756 est
655 4680 815 4779 simplex
836 4705 909 4757 non
929 4683 1039 4760 valde
1058 4683 1244 4760 decorate.
1263 4685 1314 4760 Et
1331 4685 1431 4764 inter
1448 4687 1505 4764 lo·
