3260 5226
1117 443 1206 522 ¹387

87 645 209 742 ipsum
245 639 565 742 reprehendentes,
604 650 717 746 eaput
752 643 873 742 ipsius
911 651 1130 743 amputem,
1170 653 1207 720 et

87 759 148 848 res
166 771 359 868 preciosae
378 791 460 844 uum
479 769 661 846 thezauro
681 771 917 848 abstulerunt
936 773 984 847 ab
1003 795 1060 848 eo.

197 897 338 974 Postea
368 919 410 974 se
438 895 558 974 Oesar
584 899 702 973 mouit
730 919 771 974 se
800 897 982 975 adversus
1019 899 1208 974 ciuitatem

88 1023 364 1120 'lholnensem‚
389 1026 500 1122 juxta
528 1047 650 1100 aroem
679 1025 872 1125 Anyawar
900 1031 1026 1102 eastra
1050 1032 1209 1100 metatus

7 1205 8 1220 t
49 1123 54 1138 ¹
88 1158 171 1227 erat
190 1151 286 1226 inter
304 1149 388 1225 Pax
407 1149 560 1250 opidulo
575 1153 686 1248 juxta
704 1151 919 1226 Danubium
937 1149 1004 1226 flni
1023 1173 1141 1248 voque
1161 1150 1209 1225 ad

89 1278 281 1352 uinitatem
309 1276 471 1354 Tholna.
500 1275 722 1353 Habuerunt
749 1277 903 1352 flumina
930 1301 1112 1376 aquarum
1140 1277 1207 1352 ha·

89 1401 234 1500 bonde,
254 1411 292 1478 et
310 1424 480 1502 eampum
499 1406 615 1480 latum
635 1427 717 1480 unm
742 1405 828 1479 leno
847 1412 885 1480 et
903 1405 1007 1500 ligna
1025 1405 1210 1482 silvarum

94 1531 141 1606 ud
168 1531 309 1608 vietum
337 1553 476 1607 eornm.
505 1529 589 1606 Hae
616 1532 767 1627 agmina
795 1554 865 1606 sua
890 1529 1046 1608 Cesaris
1074 1531 1212 1606 eratin

91 1657 149 1732 die
178 1659 276 1735 festo
295 1658 404 1732 Anne
433 1657 568 1734 Matris
596 1657 728 1733 Maria.
759 1657 864 1733 Idem
893 1681 991 1733 anno
1021 1655 1135 1734 1543.
1163 1655 1213 1730 Et

92 1808 165 1860 uon
189 1785 396 1862 festinabat
422 1785 470 1860 ad
499 1784 664 1881 lindam,
693 1785 760 1862 sed
788 1785 1002 1862 oonsiliauit
1027 1785 1211 1884 seipsum

94 1915 226 1986 Zotlaa
249 1917 358 1988 Zelim
378 1909 425 2014 *),
454 1911 542 2009 quid
560 1929 692 2008 ageret
719 1920 849 1989 eontra
868 1913 1057 1988 ciuitatem
1077 1911 1212 1990 Albam

94 2036 308 2134 Regaliam.
338 2037 526 2114 Dixerunt
553 2039 589 2114 ei
618 2039 875 2137 exploratores
902 2039 961 2115 sui
990 2063 1036 2114 aa
1063 2039 1209 2115 colono·

94 2185 176 2240 rum
196 2163 383 2260 Hungari,
404 2166 467 2262 qui
488 2166 589 2242 oiroa
607 2165 731 2264 ipsum
749 2167 994 2242 occurrebant
1012 2165 1216 2241 onmdonis
1312 2217 1316 2250 .

95 2292 194 2386 suis,
223 2291 311 2389 qnia
325 2295 405 2390 jam
424 2316 490 2370 eos
509 2292 771 2389 semipaganos
789 2291 963 2368 resedere
981 2293 1215 2390 proclamare

94 2417 249 2514 lauerat,
270 2428 310 2494 vt
328 2419 487 2516 quilibet
504 2419 669 2497 resideat
687 2418 843 2518 paoifioe
854 2419 894 2494 in
903 2419 1112 2496 hereditate
1130 2439 1215 2495 sua-

96 2566 176 2621 rum
194 2545 418 2644 patrimonis
436 2545 485 2622 ad
503 2544 614 2622 fidem
632 2546 838 2645 perfectam
866 2545 1022 2623 Cosanis
1049 2546 1217 2642 quolibet

101 2671 256 2750 dierum
268 2671 485 2770 Etoumque
500 2673 701 2750 audiebant
709 2695 896 2772 pauperes
905 2674 1041 2770 coloni,
1061 2673 1215 2748 nimium

102 2797 343 2876 confluebant
352 2823 443 2896 erga
453 2798 632 2876 Cesaram
652 2799 1079 2896 Turoarnmdaregione
1098 2799 1217 2876 Baro·

103 2949 201 3025 nya3
230 2925 275 3002 de
302 2927 409 3022 regio
437 2925 624 3024 Somogh3
653 2926 772 3002 etsie
801 2925 868 3000 alii
888 2927 1010 3002 uoloni
1030 2924 1215 3023 Hungari.

100 3052 151 3128 Et
179 3053 430 3150 quorumlibet
458 3053 572 3130 dabat
599 3053 747 3130 litteras
775 3053 824 3128 ad
851 3075 983 3130 manns
1010 3076 1153 3150 eorum,
1182 3059 1220 3129 et

100 3179 212 3255 valde
241 3203 306 3258 eos
333 3181 568 3257 confortabat
596 3178 716 3257 Cesar
743 3178 973 3276 Turoarum,
1002 3187 1043 3256 vt
1069 3179 1220 3277 nequis

100 3305 230 3402 fugam
256 3306 366 3402 dare,
396 3306 463 3383 sed
489 3313 725 3406 permaneret
750 3305 904 3405 paciflua
921 3307 962 3382 in
980 3307 1219 3405 possessione

102 3455 183 3510 sua.
214 3431 266 3508 Et
283 3433 429 3509 demum
448 3432 543 3510 vidit
561 3430 682 3510 Cesar
710 3433 926 3509 colonorum
954 3431 1220 3530 Hungarorum

103 3559 309 3660 perlectam
328 3557 437 3636 iidem
464 3558 637 3636 habendo
664 3581 776 3656 quam
795 3558 987 3637 Tranioni.
1016 3557 1084 3636 Ait
1102 3557 1221 3636 (lesan

103 3691 233 3761 Zoitan
253 3689 359 3761 Zelim
368 3682 424 3789 **)
445 3684 728 3782 adHnngarros
747 3685 981 3762 colonorum:
1005 3682 1221 3782 „Quomodo

105 3835 174 3889 vos
193 3812 340 3890 nobiles
358 3813 620 3910 gubamabant
638 3819 676 3887 et
692 3819 886 3909 magnates
905 3807 1219 3908 Hnngarorum?“

105 3935 179 4032 Qui
199 3937 345 4015 audien.
366 3937 602 4038 semipagani
622 3937 776 4015 (luseris
795 3961 880 4016 sese
899 3939 1071 4034 offeram,
1092 3939 1148 4016 eis
1166 3939 1222 4014 in·

106 4072 285 4166 oeperunt
312 4089 490 4143 aeunsare
510 4066 667 4165 quilibet
685 4087 793 4142 suum
812 4065 999 4143 dominum
1017 4067 1087 4142 sub
1105 4065 1223 4142 variis

105 4187 449 4271 inordinacionibus
468 4194 580 4274 veliis
598 4193 855 4290 regiminibus.

211 4319 262 4396 ut
288 4321 422 4399 iterum
449 4320 695 4418 interrogauit
722 4343 816 4400 eos:
847 4317 944 4418 „Qui
973 4327 1100 4397 essent
1126 4341 1223 4394 nuno

143 4629 169 4692 ')
190 4623 320 4679 Kestbbi
339 4621 393 4678 ken
413 4622 486 4678 dltal
506 4622 659 4680 luit'o'rt'llve.

126 4717 178 4788 ”l
199 4713 330 4772 Kesbbbi
349 4713 404 4770 kas
423 4713 495 4770 sltal
513 4712 666 4780 kit'drlllve.
686 4799 691 4810 ι

982 4803 1061 4886 25*
