3226 5220
1129 451 1208 536 181

103 649 261 728 dotes-et
286 647 519 742 monaahum·
543 646 731 728 Theman
766 655 850 728 oum
878 653 1006 730 sooio-
1030 655 1100 731 'sno
1128 650 1207 732 Ge·

103 775 215 854 rardo.
1026 767 1034 784 '

197 900 411 996 Qnifrater
425 911 508 980 erat
524 901 874 983 valdeinvidiosns.
903 903 1074 982 Fonebat
1101 906 1206 1004 ipsos

99 1037 182 1128 apot
207 1029 353 1127 Regem
381 1030 551 1108 dominns
588 1032 838 1110 oaneellarins
866 1031 1081 1132 Stephanus
1109 1033 1205 1111 Ver·

99 1155 223 1252 brolii,
243 1165 282 1234 et
292 1156 342 1234 ad
349 1157 506 1234 nihilum
524 1159 703 1235 valebant
716 1161 826 1258 juxta
844 1158 989 1257 Regem
1006 1159 1033 1238 J
1035 1181 1204 1256 oannem,

99 1283 180 1380 qaia
197 1305 268 1362 nos
287 1285 400 1384 ambij
429 1286 629 1362 fueramus.
657 1281 715 1388 fiii
749 1287 871 1362 Erant
897 1286 1139 1382 oberihones,
1169 1292 1208 1361 et

99 1409 238 1507 qnando
256 1411 435 1490 volebant
453 1411 729 1488 confessionem
747 1411 874 1489 faeere
893 1412 1031 1510 aliquis
1050 1412 1206 1488 devotos

97 1537 218 1633 miles,
237 1538 302 1614 vel
318 1559 499 1637 procerus
517 1538 577 1616 vir
595 1545 661 1614 ant
678 1538 861 1636 famulos,
881 1541 946 1638 qni
973 1539 1148 1616 dicebant
1165 1539 1206 1614 in

97 1662 184 1740 dnos
202 1663 444 1742 aduersarios
463 1663 719 1743 Christianos:
744 1665 967 1764 „Nescimus
994 1665 1205 1761 absoluere,

97 1797 134 1866 et
148 1791 313 1868 animare
339 1813 405 1868 eos
422 1799 551 1891 partes
581 1792 719 1869 milites
746 1789 866 1890 Regis
893 1793 1054 1871 Joannis
1073 1792 1121 1868 ad
1138 1813 1206 1892 pu·

95 1918 238 2014 gnam.“
267 1917 353 2014 Ego
372 1917 451 1994 dixi
469 1917 544 1996 eis:
575 1916 725 2016 ,Quare
743 1925 831 1995 tuno
848 1927 935 2018 post
953 1941 1036 1995 eum
1055 1918 1206 1996 curritis

95 2045 186 2122 aient
203 2051 315 2122 satan
333 2051 421 2144 post
445 2042 637 2122 Christum
656 2046 696 2121 in
715 2043 931 2123 desertum?
958 2045 1109 2122 Extuno
1137 2067 1206 2121 vos

95 2172 182 2250 estis
209 2177 466 2271 temptatores.
504 2169 685 2269 Qnitqnid
712 2172 779 2248 wlt
804 2179 905 2250 totns
932 2171 1110 2269 mundus,
1139 2171 1207 2247 wlt

97 2321 177 2376 esse
194 2297 381 2376 secundus
398 2297 639 2374 monaebns.“
667 2297 818 2375 Extnno
843 2306 973 2376 eontra
991 2297 1039 2374 ad
1058 2297 1205 2374 oanoel·

94 2426 222 2502 iariom
257 2422 489 2530 Stephanum
513 2421 744 2524 Werbwohij
782 2432 820 2500 et
855 2423 904 2500 ad
940 2423 1084 2521 Regem
1121 2445 1204 2500 oum

95 2551 334 2630 monsaoione
370 2571 519 2647 magna.
557 2549 608 2628 Et
635 2526 836 2628 noluerurit
868 2551 1032 2650 amplius
1061 2571 1205 2626 meonm

94 2678 304 2774 comedere,
325 2677 393 2754 sed
411 2699 556 2778 pauper
573 2679 716 2776 ejeotns
734 2677 879 2754 ineram
897 2678 945 2754 ab
975 2677 1031 2754 eis
1060 2675 1205 2772 Regem

97 2815 133 2883 et
150 2805 249 2906 apud
267 2803 545 2882 cancellarium.
566 2803 618 2881 Et
636 2804 800 2882 babebat
818 2803 902 2882 Rex
921 2803 948 2882 J
950 2823 1091 2898 oannes
1109 2801 1204 2878 mnl·

93 2939 149 3010 tos
177 2933 343 3010 Polonos
371 2931 538 3032 pedites,
568 2938 605 3010 et
623 2931 720 3008 inter
739 2953 804 3008 eos
821 2931 1062 3032 baptizabam
1082 2936 1120 3006 et
1143 2949 1204 3005 oo·

94 3059 309 3161 pnlaoiones
328 3059 578 3137 oonaeorabar
596 3057 635 3135 in
654 3063 799 3134 oastore
819 3079 982 3136 suornm.
1003 3053 1077 3150 Qui
1088 3055 1204 3132 babe-

94 3189 176 3264 bam
194 3185 381 3286 agendam
390 3187 536 3284 stolam,
548 3185 769 3286 epistodinm
780 3193 818 3262 et
826 3186 1058 3264 benedictam
1069 3205 1205 3282 aquam

93 3315 193 3414 potui
231 3335 451 3390 consecrare
487 3313 625 3412 ubique
657 3335 812 3390 neeesse
848 3315 990 3408 inerat;
1019 3319 1057 3387 et
1082 3308 1204 3410 bapti·

95 3463 194 3536 aare,
214 3440 305 3538 qnia
323 3439 463 3516 fontem
481 3439 667 3516 habebam
685 3461 827 3514 meeum
846 3438 886 3514 in
905 3437 1034 3515 indula
1062 3437 1102 3512 in
1128 3457 1205 3510 vna

95 3574 251 3666 angusta
269 3567 519 3664 languncula,
538 3565 717 3666 priuatim
734 3564 918 3641 vebebom
945 3585 1100 3640 meonm.
1130 3563 1205 3658 Qui

94 3693 225 3772 Poloni
233 3694 484 3794 procreabant
501 3691 540 3768 in
558 3691 813 3792 papilionibus
831 3692 922 3788 suis,
941 3690 1030 3789 qnia
1047 3691 1087 3766 in
1105 3691 1205 3770 bello

95 3821 163 3922 ipsi
180 3843 256 3898 non
274 3827 433 3920 possunt
450 3821 530 3897 iore
549 3819 630 3896 sine
650 3819 879 3897 mulieribus.

192 3945 352 4024 Inernnt
368 3946 618 4046 prenominati
637 3945 775 4023 milites
794 3945 975 4023 aduersus
993 3942 1205 4024 Germanos

96 4074 214 4152 media
230 4080 341 4153 noete
361 4073 545 4151 adversus
563 4072 743 4150 Tharoal.
765 4071 969 4168 Germani,
994 4072 1093 4171 qnod
1120 4095 1203 4150 sen·

96 4209 218 4280 serant
226 4201 432 4299 Hungaros
443 4201 490 4282 ad
498 4201 703 4301 imppetnm
720 4199 787 4297 ire,
800 4199 929 4277 domos
946 4199 1204 4292 intendebant,

96 4335 127 4402 et
136 4331 250 4426 juxta
268 4325 419 4404 firmam
436 4326 536 4424 ignis
565 4324 611 4400 de
638 4333 786 4404 oastore
814 4347 942 4404 eorum
968 4325 1014 4401 de
1042 4325 1205 4422 ingeniis

97 4456 168 4534 onis
195 4455 415 4552 sagitabant
438 4454 484 4530 de
508 4453 703 4550 Hungaris
729 4475 842 4529 vnum
869 4453 1024 4530 militem
1054 4451 1203 4529 nomine

98 4577 235 4660 Lnearn
253 4581 439 4679 Mariam,
459 4580 626 4679 quierat
652 4580 760 4656 miles
786 4582 896 4679 juxta
922 4579 1066 4678 Regem
1092 4576 1204 4657 eorde

98 4709 273 4805 perfeeto.
294 4707 347 4786 Et
363 4731 449 4788 mox
468 4707 638 4786 exalanit
655 4706 701 4784 de
718 4705 865 4784 mundo.
